2782 4950
685 319 842 382 ..50..

212 452 360 537 Contra,
387 450 481 545 apud
505 449 763 534 secundatum,
793 449 1013 541 legislatoris
1036 470 1195 546 persona
1218 454 1334 524 mani-

165 654 167 661 ,
209 567 303 641 festo
319 568 370 638 ita
386 568 520 640 eminet
542 572 583 637 ut
606 572 779 660 tanquam
798 566 1027 638 necessarius
1051 567 1177 660 legum
1199 556 1332 642 artifex

209 687 393 779 appareat.
410 682 452 752 ln
468 681 591 753 multis
610 674 727 776 operis
750 681 852 767 locis,
872 680 916 754 de
943 681 1208 768 Romanorum·
1221 673 1337 780 Sparss

189 805 386 883 tenorum,
419 798 698 870 Atheniensium
726 798 871 891 legibus
901 798 1141 892 italoquitur
1172 796 1329 894 quasia

208 912 358 987 Romulo
387 921 450 986 aut
476 914 605 999 Numa,
631 938 652 985 a
675 914 820 1010 Solone,
840 937 861 985 a
884 912 1054 1007 Lycurgo
1072 922 1216 988 creatae
1238 918 1328 989 fuis·

207 1037 290 1103 sent
306 1033 357 1122 (¹).
386 1029 492 1115 Cum,
516 1031 553 1100 in
581 1031 650 1101 alio
674 1029 777 1114 libro,
800 1030 933 1124 primas
954 1029 1144 1103 Romanae·
1162 1020 1327 1126 ciuitatis

207 1146 368 1239 origines
381 1153 535 1232 enarrat,
546 1143 720 1241 tanquam
733 1146 947 1240 principium
960 1143 1327 1242 statuit‘populorum

203 1264 433 1335 nascentium
448 1263 619 1333 instituta
634 1285 656 1332 a
670 1261 891 1356 principibus
906 1261 984 1334 fieri
996 1269 1034 1363 et
1045 1259 1229 1356 posterius
1240 1260 1328 1337 'tan-

203 1385 281 1450 tum
296 1374 479 1472 principes
497 1400 543 1450 ex
558 1378 738 1449 institutis
755 1377 886 1448 instrui
899 1378 951 1469 (²).
970 1372 1049 1450 Hoc
1065 1384 1122 1450 est
1138 1401 1204 1451 cur
1217 1381 1326 1474 leges

204 1493 399 1567 amoribus
417 1494 560 1565 omnino
579 1500 723 1588 separet
743 1516 749 1562 :
768 1515 886 1566 mores
900 1495 995 1566 enim
1012 1517 1031 1567 e
1048 1497 1231 1568 communi
1247 1499 1327 1571 vit'a

205 1618 334 1704 sponte
364 1615 578 1698 nascuntur,
598 1610 703 1701 leges
729 1616 853 1681 contra
879 1610 956 1682 sine
980 1610 1151 1706 peculiari
1167 1613 1326 1705 quadam

202 1726 423 1818 legislatoris
458 1726 687 1798 institutione
721 1727 878 1799 existere
910 1733 1097 1820 nequeunt
1115 1727 1168 1819 (Β).
1199 1728 1237 1800 Is
1266 1726 1327 1802 est

203 1842 311 1936 hujus
329 1848 539 1914 sententiae·
552 1864 682 1914 sensus
699 1865 805 1936 quam
817 1843 853 1913 in
869 1843 983 1936 primo
993 1842 1076 1913 libri
1092 1843 1211 1936 capite
1224 1842 1326 1918 in‘ve·

202 1960 303 2031 nies:
325 1959 569 2052 «Quanquam
593 1959 638 2030 ad
663 1959 874 2032 societatem
890 1958 979 2044 nati,
996 1958 1160 2031 homines
1175 1958 1326 2053 publiea

203 2097 269 2146 sua
288 2076 404 2146 officia
422 2075 586 2148 oblivisci
602 2081 772 2169 poterant
796 2077 865 2146 nisi
888 2076 933 2147 ad
950 2097 992 2147 ea
1011 2071 1324 2168 alegislatoribus

202 2191 363 2263 revocati
377 2192 533 2263 fuissent
546 2192 600 2285 (⁴).
616 2219 633 2254 2
651 2191 746 2263 Sane
763 2191 869 2284 leges
889 2192 932 2263 de
950 2191 1045 2263 omni
1067 2213 1106 2264 re
1127 2198 1165 2264 et
1180 2192 1226 2263 ad
1241 2193 1324 2264 libi-

201 2314 279 2378 tum
294 2309 407 2379 creari
427 2329 535 2407 posse
551 2329 626 2379 non
643 2308 778 2392 credit;
807 2308 871 2380 sed
888 2329 1014 2406 mores
1042 2313 1080 2380 et
1104 2307 1324 2400 religionem

192 2430 305 2495 extra
327 2424 547 2516 legislatoris
575 2430 796 2518 potestatem
818 2446 900 2496 esse
928 2424 1130 2496 arbitratur>
1146 2431 1184 2521 et
1209 2424 1322 2516 leges

200 2541 299 2635 ipsas
317 2563 407 2635 quae
432 2542 475 2612 de
493 2541 573 2612 aliis
595 2541 702 2613 rebus
724 2542 889 2613 feruntur
906 2540 1064 2612 moribus
1087 2548 1125 2613 et
1148 2540 1322 2633 religioni

201 2656 525 2729 accommodandas
549 2647 629 2729 esse
644 2659 696 2750 (⁵³).
724 2658 964 2729 Nihilominus
988 2679 1111 2730 earum
1133 2657 1321 2754 institutio

199 2775 237 2845 in
259 2774 479 2868 legislatoris
497 2796 606 2844 manu
629 2782 805 2846 versatur.
826 2774 938 2846 Immo
956 2780 1043 2845 sunt
1063 2773 1257 2847 societates
1279 2776 1320 2846 in

200 2890 330 2982 quibus
358 2911 431 2960 non
455 2890 560 2982 leges
588 2896 743 2974 tanturn,
774 2890 836 2962 sed
866 2896 903 2962 et
927 2890 1055 2981 religio
1082 2911 1274 2982 moresque
1298 2894 1320 2962 a

199 3007 360 3099 principe
383 3006 564 3076 informari
591 3010 746 3100 possunt
760 3007 809 3097 (⁶).
841 3006 1055 3098 Quanquam
1075 3005 1143 3078 hoc
1162 3005 1317 3079 inraris

229 3246 260 3309 (¹)
278 3245 330 3296 cle
341 3245 396 3311 prie
408 3247 485 3310 qu'on
497 3248 565 3296 lasse
575 3261 611 3297 un
624 3261 674 3311 peu
684 3246 837 3298 d'attention
848 3246 863 3296 a
874 3246 1002 3298 l'etendne
1014 3246 1049 3298 du
1065 3249 1141 3314 genie
1156 3248 1221 3313 qn¹il
1236 3250 1317 3316 lallut

196 3327 265 3378 aces
275 3328 439 3392 legislateurs
451 3342 517 3391 pour
526 3328 582 3378 voir
593 3329 673 3393 qu’en
684 3328 818 3393 choquant
828 3334 887 3379 tous
902 3329 941 3379 les
957 3343 1050 3394 usages
1065 3343 1171 3392 nepus...
1189 3329 1222 3380 ils
1238 3345 1317 3382 mon-

194 3408 319 3459 treraient
329 3407 344 3458 ri
355 3407 479 3458 l'nnivers
491 3408 549 3459 leur
559 3423 670 3473 sagesse.
681 3423 693 3455 a
705 3408 758 3471 (IV,
769 3407 809 3460 31.
822 3408 860 3458 Cf.
873 3409 904 3471 V,
915 3408 940 3472 5,
952 3413 978 3458 et
989 3409 1055 3472 xlx,
1067 3408 1120 3474 16.)

225 3488 257 3551 (²)
274 3489 365 3538 «Dans
377 3487 402 3537 la
417 3489 552 3539 naissanoe
569 3490 615 3540 des
630 3489 749 3552 sociates,
761 3503 791 3539 ce
800 3493 866 3539 'sont
881 3489 920 3539 les
934 3488 1007 3540 chela
1023 3489 1069 3540 des
1082 3489 1251 3555 re'publiquas
1268 3493 1315 3556 qui

195 3565 251 3618 sont
263 3568 440 3631 l’institution,
451 3574 478 3619 et
489 3571 551 3620 e’est
567 3569 669 3619 ensuite
681 3569 845 3620 l’institution
857 3568 901 3634 qui
912 3570 997 3620 forme
1009 3569 1047 3620 les
1058 3570 1130 3621 ehels
1140 3570 1187 3620 des
1197 3572 1317 3635 republi-

194 3651 463 3713 ques.r(Grondear
475 3659 501 3701 et
512 3651 668 3701 De'caderrce
679 3651 726 3702 oles
737 3651 877 3712 Romaim,
890 3650 965 3715 chap
978 3651 1012 3715 1.)
1068 3677 1070 3680 ·
1130 3652 1133 3658 ’
1192 3642 1195 3654 '

224 3731 256 3793 (³)
273 3748 285 3779 r
296 3728 344 3782 Les
355 3731 404 3781 lois
415 3737 474 3782 sont
486 3732 602 3794 etablies,
612 3733 649 3782 les
661 3747 761 3781 moeurs
772 3736 831 3782 sont
842 3731 983 3797 inspirtes3
994 3733 1111 3784 celles-ci
1122 3731 1242 3785 tiennent
1253 3735 1316 3800 plus

193 3809 325 3874 al’esprit
346 3812 461 3876 general,
484 3812 599 3862 celles-lai
616 3813 735 3863 tiennent
755 3812 815 3876 plus
833 3812 848 3861 a
867 3827 920 3862 une
939 3812 1088 3888 institution
1109 3813 1313 3887 particnliere.»

191 3890 269 3952 (XIX,
281 3891 374 3954 12)-
386 3892 479 3942 «Nous
490 3907 569 3943 avons
582 3893 620 3943 dit
631 3907 681 3958 que
693 3892 730 3943 les
741 3893 790 3944 lois
802 3893 898 3944 etaient
906 3894 951 3944 des
960 3893 1122 3944 institutione
1130 3882 1316 3958 particuli'eres

192 3976 218 4020 et
233 3971 347 4034 pre'cises
363 3973 398 4022 du
415 3972 578 4037 legislateurp
592 3972 630 4023 les
646 3989 744 4024 moeurs
761 3979 787 4024 et
801 3974 839 4024 les
854 3973 985 4025 manieres
1001 3975 1045 4025 des
1060 3974 1221 4026 institutione
1236 3978 1270 4029 de
1287 3979 1314 4030 la

191 4051 281 4101 nation
292 4067 325 4102 en
339 4051 455 4116 general.
467 4069 481 4100 a
493 4053 571 4117 (XIX,
582 4051 635 4116 14.)

223 4132 255 4195 (⁴)
270 4131 305 4182 In
316 4132 380 4194 fine.

220 4210 252 4273 (⁸)
270 4211 387 4273 x1x,21.

216 4290 247 4355 (θ)
263 4290 331 4353 XIX,
342 4290 374 4340 lo
384 4297 410 4343 et
419 4291 459 4342 19,
