2782 4950
661 343 820 406 „nt-

186 476 293 552 simul
303 476 625 571 agitatzquodnon
634 477 711 553 sine
724 477 1031 569 incommodoe'st,
1043 502 1127 558 narn
1139 485 1301 565 diversas

185 591 375 666 methodos
391 593 597 686 requirunt

229 706 284 782 Ea
300 714 424 780 autem
439 710 608 782 ⁴confusio
629 711 700 782 alia
721 718 778 785 est
803 735 910 806 quam
932 736 1023 807 quae
1046 720 1142 812 apud
1161 723 1299 815 priores

185 823 418 919 philosophos
442 828 480 897 in
506 849 577 898 usu
600 835 689 902 erat.
716 830 889 917 Primum,
916 833 1069 906 seientia
1090 858 1183 928 quae
1209 842 1304 934 apud

187 943 433 1016 Secundatum
449 945 630 1018 invenitur
645 967 731 1018 uere
748 947 896 1040 politica
921 955 978 1021 est
994 974 1002 1018 :
1019 973 1149 1046 nempe
1168 977 1244 1028 non
1262 958 1303 1030 de

185 1059 317 1152 privati
332 1061 488 1134 hominis
503 1063 727 1134 conscientia
741 1070 887 1149 tractat,
909 1067 974 1138 sed
989 1089 1048 1139 res
1060 1070 1228 1162 politicas
1240 1095 1304 1165 pro

185 1178 336 1253 materia
349 1178 471 1251 habet.
490 1179 595 1252 Nova
611 1180 673 1252 illa
695 1181 811 1273 igitur
828 1182 993 1269 seientia,
1023 1208 1241 1280 quamquam
1263 1192 1305 1262 ab

187 1299 263 1367 aute
290 1315 362 1366 non
386 1296 475 1366 satis
496 1294 775 1385 discriminatur,
800 1304 898 1370 certe
927 1301 1064 1373 existit.
1096 1302 1305 1392 Praeterea,

185 1413 358 1505 majorem
386 1412 466 1482 libri
497 1418 638 1507 partem
670 1420 837 1507 occupat,
870 1416 1005 1488 nedum
1032 1420 1306 1504 quaestionibus

189 1551 280 1623 quae
298 1529 342 1603 ad
362 1536 482 1603 aetum
504 1536 673 1624 spectant
692 1531 873 1603 obruatur.
893 1533 973 1605 Arti
994 1543 1152 1628 praeest,
1171 1540 1307 1610 nedum

187 1647 380 1723 famuletur
393 1648 594 1741 meliusque
611 1649 725 1740 igitur
740 1672 844 1721 suam
857 1657 1026 1723 naturam
1042 1656 1146 1747 sequi
1164 1663 1303 1748 potest.

190 1764 351 1859 Soriptor
371 1766 467 1837 enim
491 1765 558 1838 sibi
576 1773 660 1839 ante
679 1768 798 1837 omnia
814 1771 1004 1863 proposuit
1025 1793 1115 1864 quae
1139 1781 1231 1847 sunt*
1244 1783 1309 1847 aut

187 1881 335 1954 fuerunt
362 1903 585 1974 cognoscere
613 1889 650 1955 et
674 1882 867 1976 explicare.
891 1884 1093 1980 Praecepta
1110 1909 1196 1961 uero
1216 1911 1307 1983 quae

190 1996 381 2071 edicuntur
405 1998 494 2070 nihil
515 1999 611 2070 aliud
637 2000 849 2093 plerumque
874 2007 960 2072 sunt
989 2023 1095 2095 quam
1119 2005 1305 2094 veritates,

191 2137 281 2213 quas
303 2117 454 2188 seientia
476 2117 645 2188 methodo
675 2139 742 2186 sua
762 2123 870 2189 antea
890 2118 965 2211 jam
991 2119 1305 2208 demonstraverit,

189 2235 228 2310 in
244 2235 350 2308 aliam
366 2234 556 2328 quamdam
571 2235 736 2327 linguam
749 2235 959 2307 translatae.
974 2235 1058 2308 Non
1073 2239 1197 2330 agitur
1214 2240 1308 2314 enim

189 2353 313 2425 neseio
347 2373 454 2445 quam
484 2372 615 2423 novam
641 2351 826 2423 civitatem
852 2351 1069 2439 instaurare,
1098 2355 1162 2427 sed
1187 2359 1308 2450 justas

191 2469 380 2543 civitatum
395 2470 527 2541 formas
544 2467 692 2540 definire
710 2490 717 2537 :
736 2469 832 2561 quod
844 2469 1019 2542 scientiae
1036 2473 1221 2567 proprium
1237 2482 1306 2548 est.

192 2588 285 2672 Quia
309 2592 431 2659 autern
457 2586 590 2680 populo
616 2587 745 2680 cuique
769 2587 868 2658 salus
898 2609 1066 2682 suprema
1087 2589 1148 2661 lex
1176 2598 1234 2663 est
1252 2593 1307 2685 (1),

192 2727 234 2778 ao
266 2705 422 2777 societas
458 2703 594 2776 servari
623 2703 752 2797 nequit
776 2703 815 2773 ni
840 2705 1006 2797 propriae
1038 2726 1125 2779 suae
1157 2713 1310 2782 naturae

191 2823 442 2915 integritatem
469 2827 627 2908 tueatur,
658 2820 746 2892 satis
778 2826 835 2892 est
862 2827 1030 2892 naturam
1057 2822 1156 2892 illam
1179 2825 1312 2897 descri-

191 2942 276 3013 bere
297 2938 446 3032 utquid
466 2939 676 3035 petendum,
700 2936 785 3030 quid
801 2937 1015 3030 fugiendum
1041 2940 1101 3024 sit,
1124 2937 1208 3012 inde
1228 2963 1312 3014 con-

125 3144 129 3151 ,
194 3056 361 3129 cludatur
376 3078 384 3126 ι
402 3055 547 3127 morbus
565 3054 661 3126 enim
677 3055 773 3126 omni
798 3052 905 3127 modo
928 3053 1114 3141 vitandus,
1137 3057 1313 3151 quidquid

195 3179 321 3246 eontra
333 3174 474 3246 salubre
485 3178 543 3246 ost
556 3171 765 3267 optandum.
780 3171 991 3264 Postquam,
1008 3173 1164 3267 exempli
1176 3172 1310 3265 gratia,

194 3289 459 3366 Democratiam
476 3289 738 3363 demonstrauit
757 3288 796 3359 in
818 3287 940 3382 parvis
964 3287 1173 3359 civitatibus
1195 3292 1313 3361 solnm

195 3408 351 3480 existere
385 3425 506 3503 posse,
533 3407 726 3501 praecipue
750 3405 854 3477 laeile
884 3411 962 3476 erat
988 3425 1009 3474 a
1045 3404 1154 3475 nimia
1180 3406 1309 3478 finium

194 3524 394 3619 prolatione
409 3523 504 3596 omni
519 3521 767 3594 Democratiae
781 3520 1047 3593 abstinendum.
1070 3521 1113 3592 In
1130 3522 1220 3592 raris
1233 3529 1313 3594 tan-

195 3648 273 3712 tum
297 3641 453 3726 casibus,
477 3647 520 3712 ut
544 3639 674 3712 melius
699 3638 791 3711 infra
813 3636 1015 3709 videbimus
1041 3638 1095 3729 (²),
1122 3639 1246 3712 euenit
1272 3648 1314 3714 ut

197 3779 254 3829 ars
270 3759 308 3830 in
325 3758 498 3831 scientiae
513 3757 634 3829 looum
650 3756 728 3828 sina
739 3757 822 3850 jure
840 3753 1023 3826 succedat.

241 3874 414 3947 Ceterum
430 3896 474 3946 ea
487 3873 568 3966 ipsa
582 3879 789 3966 praerepta,
812 3869 1005 3965 propterea
1026 3868 1121 3963 quod
1138 3891 1233 3942 nova
1255 3874 1315 3944 via

192 3997 462 4086 comparantur,
476 3990 585 4084 longe
600 3988 768 4060 differunt
781 3988 823 4058 ab
836 3987 880 4056 iis
892 4008 982 4080 quae
996 3987 1091 4080 apud
1108 3987 1313 4080 superiores

197 4111 391 4204 scriptores
407 4107 574 4203 politicos
589 4106 835 4178 inveniuntur.
856 4104 922 4175 Isti
942 4108 1038 4201 enim
1052 4103 1171 4174 ideam
1192 4126 1313 4195 quam-

198 4230 291 4313 dam,
326 4227 490 4298 omnibus
520 4224 608 4296 loeis
636 4221 929 4316 temporibusque
969 4220 1310 4315 supereminentem,

227 4413 257 4476 (1)
273 4410 363 4472 XXVI,
373 4408 412 4460 23.

227 4494 258 4558 (²)
274 4494 303 4544 V,
317 4492 393 4554 infra,
405 4505 430 4555 p.
443 4491 474 4540 ob
486 4495 510 4539 et
522 4504 559 4552 sq.
