2782 4950
507 846 656 926 clrur
682 791 899 941 oururuu

264 1121 311 1172 DE
334 1122 500 1172 METRODO
525 1121 624 1181 QUAM
648 1122 873 1173 BEOUNDATUS
896 1123 1048 1194 BEOUTUS
1070 1125 1132 1174 EST

690 1473 707 1543 Ι

184 1723 365 1808 Quamdiu
390 1724 542 1797 Politice
567 1726 605 1796 in
633 1732 709 1798 arte
733 1725 969 1810 consistebat,
987 1726 1123 1820 politici
1147 1726 1257 1821 serip-

132 1848 239 1913 tores
261 1840 476 1912 deductione
499 1843 691 1935 praecipue
713 1842 918 1913 utebantur.
940 1841 1086 1913 Scilicet
1110 1864 1156 1914 ex
1175 1844 1256 1913 uni-

131 1957 273 2028 versali
291 1954 445 2027 hominis
461 1956 607 2028 notione
626 1956 817 2028 trahebant
835 1977 924 2048 quae
943 1957 1128 2030 societatis
1141 1958 1255 2030 forma

106 2134 110 2141 .
133 2075 319 2144 humanae
335 2078 484 2143 naturae
502 2075 712 2145 conveniret
727 2081 765 2145 et
785 2094 876 2166 quae
897 2079 1091 2167 praecepta
1105 2074 1144 2143 in
1160 2095 1257 2152 come

133 2188 240 2260 muni
255 2189 332 2283 vita
352 2188 577 2260 observanda
592 2195 728 2262 essent.
746 2188 864 2282 Hujus
888 2189 1048 2261 methodi
1069 2191 1158 2261 vitia
1175 2192 1255 2260 inu·

131 2305 203 2394 tile
213 2290 279 2377 est
294 2313 515 2400 enumerare.
534 2303 874 2377 Perdeductionem
890 2307 997 2391 enim3
1013 2306 1147 2400 in'ipsa
1162 2312 1263 2393 arte„

133 2422 228 2493 nihil
250 2421 347 2492 aliud
370 2423 516 2514 assequi
537 2442 731 2514 possumus
752 2443 860 2514 quam
879 2443 996 2494 meras
1014 2422 1250 2518 hypotheses.

137 2539 226 2610 Sola
249 2537 286 2607 vi
305 2537 455 2608 rationis
471 2546 581 2633 ‘nemo
604 2558 765 2609 asserere
788 2544 911 2632 potest
933 2533 1173 2633 praeceptum
1192 2540 1273 2616 ap„

137 2652 238 2748 quod
251 2653 340 2724 utile
356 2674 437 2724 esse
454 2653 769 2746 cujusutilitatem
784 2673 857 2725 non
871 2660 1043 2748 expertus
1057 2656 1116 2728 sit.
1128 2656 1199 2728 Sed
1214 2659 1253 2728 ni

138 2770 296 2842 scientia
321 2769 546 2863 praesertim,
579 2790 661 2841 cum
687 2769 730 2839 ab
760 2776 836 2842 arte
871 2776 1069 2863 separatur,
1102 2792 1253 2844 necesse

136 2892 199 2958 est
236 2884 403 2957 deductio
437 2884 896 2958 secundastantummodo
929 2892 1250 2984 partesoccupet,

135 3007 240 3083 certe
267 3000 401 3072 ubido
430 3001 550 3086 rebus,
577 3000 719 3072 nonde
748 3000 939 3073 abstractis
965 3002 1184 3104 notionibus,
1212 3010 1262 3082 ut,

134 3121 177 3189 iu
213 3116 490 3210 mathematicis,
522 3118 655 3209 agitur.
687 3118 781 3195 Sane
813 3118 985 3191 deductio
1011 3119 1253 3210 cogitationes

134 3234 244 3306 nobis
261 3234 423 3327 suppetit
435 3254 526 3327 quae
543 3239 703 3307 nostram
719 3234 1039 3324 investigationem
1055 3256 1254 3328 perrarum
1325 3292 1327 3296 Α

136 3350 325 3441 ambages·
341 3349 496 3435 ducunt;
522 3349 587 3421 sed
609 3349 725 3442 quoad
750 3349 999 3421 observatione
1024 3351 1252 3423 confirmatae

137 3474 242 3554 sunt,
268 3467 446 3538 incertum
473 3471 530 3538 est
556 3487 641 3544 num
666 3461 832 3536 resuere
860 3467 1073 3560 exprimant.
1094 3466 1253 3539 Naturae

136 3586 247 3674 leges
259 3583 358 3653 nulla
376 3583 446 3652 alia
457 3582 516 3652 via
530 3581 676 3675 reperiri
689 3587 844 3676 possunt
860 3603 965 3674 quam
983 3583 1014 3652 si
1031 3588 1160 3653 natura
1175 3584 1255 3678 ipsa

139 3705 282 3772 attente
312 3698 572 3793 consideretur.
599 3700 719 3769 lmmo
746 3697 935 3770 observare
952 3717 1042 3770 ¹non
1065 3699 1154 3770 satis
1174 3706 1252 3788 est,

140 3821 284 3909 oportet
305 3820 494 3909 praeterea
519 3820 561 3885 ut
586 3817 681 3885 eam'
696 3815 974 3907 interrogemus,
1005 3814 1252 3899 solhcitemus,

140 3931 365 4004 omnimodo
393 3937 588 4003 tentemus.
607 3929 778 4000 Politicae
804 3929 918 4020 igitur
946 3931 1132 4021 scientiae,
1154 3953 1265 4025 prop<

139 4048 350 4140 tereaquod
365 4068 424 4117 res
440 4067 504 4140 pro
519 4047 668 4117 materia
678 4045 800 4129 habet,
811 4047 1107 4139 experimentalis
1120 4047 1254 4119 metho

143 4160 221 4234 dus„
229 4165 305 4234 sola
317 4161 517 4240 'succedere
537 4166 669 4256 potest.

189 4277 290 4352 Hanc
307 4286 429 4352 nutem
445 4278 651 4350 methodum
674 4298 746 4348 non
768 4278 871 4363 facile
896 4286 951 4350 est
974 4285 1119 4352 nostrae
1140 4281 1254 4354 scien-
