<?xml version="1.0" encoding="UTF-8"?>
<!DOCTYPE html PUBLIC "-//W3C//DTD XHTML 1.0 Transitional//EN"
    "http://www.w3.org/TR/xhtml1/DTD/xhtml1-transitional.dtd">
<html xmlns="http://www.w3.org/1999/xhtml" xml:lang="en" lang="en">
 <head>
  <title>
</title>
<meta http-equiv="Content-Type" content="text/html;charset=utf-8" />
  <meta name='ocr-system' content='tesseract 3.04.00' />
  <meta name='ocr-capabilities' content='ocr_page ocr_carea ocr_par ocr_line ocrx_word'/>
</head>
<body>
  <div class='ocr_page' id='page_1' title='image "./quidsecundatusp00durkgoog_0058.png"; bbox 0 0 2782 4950; ppageno 0'>
   <div class='ocr_carea' id='block_1_1' title="bbox 108 336 1328 2316">
    <p class='ocr_par' dir='ltr' id='par_1_1' title="bbox 108 336 1328 2316">
     <span class='ocr_line' id='line_1_1' title="bbox 624 336 781 400; baseline -0.006 -14"><span class='ocrx_word' id='word_1_1' title='bbox 624 372 664 386; x_wconf 91' lang='lat'>-</span> <span class='ocrx_word' id='word_1_2' title='bbox 682 336 724 400; x_wconf 76' lang='lat'><strong>53</strong></span> <span class='ocrx_word' id='word_1_3' title='bbox 744 371 781 385; x_wconf 90' lang='lat'><em>-</em></span> 
     </span>
     <span class='ocr_line' id='line_1_2' title="bbox 145 474 1257 568; baseline 0 -21"><span class='ocrx_word' id='word_1_4' title='bbox 145 476 239 547; x_wconf 89' lang='lat' dir='ltr'><strong>Nam</strong></span> <span class='ocrx_word' id='word_1_5' title='bbox 268 475 358 547; x_wconf 89' lang='lat' dir='ltr'><strong>nibil</strong></span> <span class='ocrx_word' id='word_1_6' title='bbox 388 476 486 548; x_wconf 83' lang='lat' dir='ltr'><strong>aliud</strong></span> <span class='ocrx_word' id='word_1_7' title='bbox 514 475 609 546; x_wconf 83' lang='lat' dir='ltr'><strong>&#39;sunt</strong></span> <span class='ocrx_word' id='word_1_8' title='bbox 643 493 750 568; x_wconf 86' lang='lat' dir='ltr'><strong>quam</strong></span> <span class='ocrx_word' id='word_1_9' title='bbox 769 474 1074 547; x_wconf 60' lang='lat' dir='ltr'><strong>,mores&#39;meliu&#39;s&#39;</strong></span> <span class='ocrx_word' id='word_1_10' title='bbox 1101 474 1257 561; x_wconf 86' lang='lat' dir='ltr'><strong>defluiti;</strong></span> 
     </span>
     <span class='ocr_line' id='line_1_3' title="bbox 145 589 1261 676; baseline -0.001 -13"><span class='ocrx_word' id='word_1_11' title='bbox 145 610 266 664; x_wconf 85' lang='lat' dir='ltr'><strong>mores</strong></span> <span class='ocrx_word' id='word_1_12' title='bbox 293 597 416 662; x_wconf 89' lang='lat' dir='ltr'><strong>autem</strong></span> <span class='ocrx_word' id='word_1_13' title='bbox 444 609 551 662; x_wconf 91' lang='lat' dir='ltr'><strong>nomo</strong></span> <span class='ocrx_word' id='word_1_14' title='bbox 571 589 689 662; x_wconf 87' lang='lat' dir='ltr'><strong>nescit</strong></span> <span class='ocrx_word' id='word_1_15' title='bbox 709 610 782 661; x_wconf 93' lang='lat' dir='ltr'><strong>non</strong></span> <span class='ocrx_word' id='word_1_16' title='bbox 808 589 975 661; x_wconf 90' lang='lat' dir='ltr'><strong>consulto</strong></span> <span class='ocrx_word' id='word_1_17' title='bbox 1006 590 1161 676; x_wconf 89' lang='lat' dir='ltr'><strong>institui,</strong></span> <span class='ocrx_word' id='word_1_18' title='bbox 1196 592 1261 662; x_wconf 88' lang='lat' dir='ltr'><strong>sed</strong></span> 
     </span>
     <span class='ocr_line' id='line_1_4' title="bbox 146 705 1304 804; baseline 0.001 -26"><span class='ocrx_word' id='word_1_19' title='bbox 146 710 268 779; x_wconf 83' lang='lat' dir='ltr'><strong>causis</strong></span> <span class='ocrx_word' id='word_1_20' title='bbox 284 728 376 801; x_wconf 82' lang='lat' dir='ltr'><strong>quae</strong></span> <span class='ocrx_word' id='word_1_21' title='bbox 393 726 480 778; x_wconf 90' lang='lat' dir='ltr'><strong>suos</strong></span> <span class='ocrx_word' id='word_1_22' title='bbox 495 707 659 792; x_wconf 87' lang='lat' dir='ltr'><strong>effectus,</strong></span> <span class='ocrx_word' id='word_1_23' title='bbox 674 705 799 778; x_wconf 91' lang='lat' dir='ltr'><strong>inseiis</strong></span> <span class='ocrx_word' id='word_1_24' title='bbox 810 707 900 799; x_wconf 90' lang='lat' dir='ltr'><strong>ipsis</strong></span> <span class='ocrx_word' id='word_1_25' title='bbox 916 706 1133 796; x_wconf 82' lang='lat' dir='ltr'><strong>hominibus,</strong></span> <span class='ocrx_word' id='word_1_26' title='bbox 1147 708 1261 779; x_wconf 90' lang='lat' dir='ltr'><strong>edunt</strong></span> <span class='ocrx_word' id='word_1_27' title='bbox 1301 796 1304 804; x_wconf 87' lang='lat'>.</span> 
     </span>
     <span class='ocr_line' id='line_1_5' title="bbox 145 805 1328 918; baseline -0.002 -21"><span class='ocrx_word' id='word_1_28' title='bbox 145 825 326 918; x_wconf 82' lang='lat' dir='ltr'><strong>generari.</strong></span> <span class='ocrx_word' id='word_1_29' title='bbox 344 824 470 917; x_wconf 88' lang='lat' dir='ltr'><strong>Itaque</strong></span> <span class='ocrx_word' id='word_1_30' title='bbox 486 843 560 895; x_wconf 93' lang='lat' dir='ltr'><strong>non</strong></span> <span class='ocrx_word' id='word_1_31' title='bbox 578 823 648 893; x_wconf 92' lang='lat' dir='ltr'><strong>alia</strong></span> <span class='ocrx_word' id='word_1_32' title='bbox 663 829 720 894; x_wconf 87' lang='lat' dir='ltr'><strong>est</strong></span> <span class='ocrx_word' id='word_1_33' title='bbox 735 824 984 918; x_wconf 87' lang='lat' dir='ltr'><strong>plerarumque</strong></span> <span class='ocrx_word' id='word_1_34' title='bbox 1000 823 1127 915; x_wconf 81' lang='lat' dir='ltr'><strong>legum</strong></span> <span class='ocrx_word' id='word_1_35' title='bbox 1143 825 1258 916; x_wconf 81' lang='lat' dir='ltr'><strong>origo.</strong></span> <span class='ocrx_word' id='word_1_36' title='bbox 1313 805 1328 817; x_wconf 52' lang='grc'><strong>“’</strong></span> 
     </span>
     <span class='ocr_line' id='line_1_6' title="bbox 108 939 1261 1034; baseline -0.001 -22"><span class='ocrx_word' id='word_1_37' title='bbox 108 1025 112 1033; x_wconf 33' lang='grc'>,</span> <span class='ocrx_word' id='word_1_38' title='bbox 143 941 227 1012; x_wconf 88' lang='lat' dir='ltr'><strong>Non</strong></span> <span class='ocrx_word' id='word_1_39' title='bbox 240 947 364 1013; x_wconf 88' lang='lat' dir='ltr'><strong>tamen·</strong></span> <span class='ocrx_word' id='word_1_40' title='bbox 376 940 459 1013; x_wconf 91' lang='lat' dir='ltr'><strong>ideo</strong></span> <span class='ocrx_word' id='word_1_41' title='bbox 475 940 632 1012; x_wconf 90' lang='lat' dir='ltr'><strong>utilitate</strong></span> <span class='ocrx_word' id='word_1_42' title='bbox 648 946 790 1026; x_wconf 82' lang='lat' dir='ltr'><strong>carent3</strong></span> <span class='ocrx_word' id='word_1_43' title='bbox 808 942 1023 1012; x_wconf 62' lang='lat' dir='ltr'><strong>contra‘non</strong></span> <span class='ocrx_word' id='word_1_44' title='bbox 1038 939 1166 1013; x_wconf 84' lang='lat' dir='ltr'><strong>durare</strong></span> <span class='ocrx_word' id='word_1_45' title='bbox 1178 961 1261 1034; x_wconf 89' lang='lat' dir='ltr'><strong>pos-</strong></span> 
     </span>
     <span class='ocr_line' id='line_1_7' title="bbox 145 1056 1259 1151; baseline 0 -23"><span class='ocrx_word' id='word_1_46' title='bbox 145 1064 229 1130; x_wconf 89' lang='lat' dir='ltr'><strong>sent</strong></span> <span class='ocrx_word' id='word_1_47' title='bbox 254 1058 323 1128; x_wconf 92' lang='lat' dir='ltr'><strong>nisi</strong></span> <span class='ocrx_word' id='word_1_48' title='bbox 345 1079 434 1151; x_wconf 88' lang='lat' dir='ltr'><strong>quas</strong></span> <span class='ocrx_word' id='word_1_49' title='bbox 455 1057 564 1129; x_wconf 91' lang='lat' dir='ltr'><strong>utiles</strong></span> <span class='ocrx_word' id='word_1_50' title='bbox 584 1063 708 1151; x_wconf 88' lang='lat' dir='ltr'><strong>partes</strong></span> <span class='ocrx_word' id='word_1_51' title='bbox 726 1057 764 1126; x_wconf 92' lang='lat' dir='ltr'><strong>in</strong></span> <span class='ocrx_word' id='word_1_52' title='bbox 785 1056 960 1129; x_wconf 86' lang='lat' dir='ltr'><strong>societate</strong></span> <span class='ocrx_word' id='word_1_53' title='bbox 983 1062 1165 1145; x_wconf 51' lang='lat' dir='ltr'><strong>tenerent,</strong></span> <span class='ocrx_word' id='word_1_54' title='bbox 1187 1057 1259 1130; x_wconf 87' lang='lat' dir='ltr'><strong>Sed</strong></span> 
     </span>
     <span class='ocr_line' id='line_1_8' title="bbox 143 1172 1258 1269; baseline 0 -23"><span class='ocrx_word' id='word_1_55' title='bbox 143 1194 216 1246; x_wconf 91' lang='lat' dir='ltr'><strong>non</strong></span> <span class='ocrx_word' id='word_1_56' title='bbox 232 1174 341 1269; x_wconf 89' lang='lat' dir='ltr'><strong>hujus</strong></span> <span class='ocrx_word' id='word_1_57' title='bbox 356 1175 527 1246; x_wconf 80' lang='lat' dir='ltr'><strong>utilitatis</strong></span> <span class='ocrx_word' id='word_1_58' title='bbox 541 1194 650 1245; x_wconf 90' lang='lat' dir='ltr'><strong>causa</strong></span> <span class='ocrx_word' id='word_1_59' title='bbox 661 1179 769 1245; x_wconf 89' lang='lat' dir='ltr'><strong>natae</strong></span> <span class='ocrx_word' id='word_1_60' title='bbox 782 1179 885 1258; x_wconf 88' lang='lat' dir='ltr'><strong>sunt;</strong></span> <span class='ocrx_word' id='word_1_61' title='bbox 900 1194 991 1266; x_wconf 86' lang='lat' dir='ltr'><strong>quae</strong></span> <span class='ocrx_word' id='word_1_62' title='bbox 1006 1173 1132 1246; x_wconf 83' lang='lat' dir='ltr'><strong>eontra</strong></span> <span class='ocrx_word' id='word_1_63' title='bbox 1144 1172 1258 1266; x_wconf 84' lang='lat' dir='ltr'><strong>uulgo</strong></span> 
     </span>
     <span class='ocr_line' id='line_1_9' title="bbox 142 1272 1260 1384; baseline 0.001 -24"><span class='ocrx_word' id='word_1_64' title='bbox 142 1291 345 1382; x_wconf 82' lang='lat' dir='ltr'><strong>ignoratur,</strong></span> <span class='ocrx_word' id='word_1_65' title='bbox 363 1289 497 1361; x_wconf 89' lang='lat' dir='ltr'><strong>nedum</strong></span> <span class='ocrx_word' id='word_1_66' title='bbox 512 1292 658 1384; x_wconf 78' lang='lat' dir='ltr'><strong>pro-visa</strong></span> <span class='ocrx_word' id='word_1_67' title='bbox 681 1272 740 1362; x_wconf 90' lang='lat' dir='ltr'><strong>sit.</strong></span> <span class='ocrx_word' id='word_1_68' title='bbox 764 1290 948 1361; x_wconf 83' lang='lat' dir='ltr'><strong>Sentimus</strong></span> <span class='ocrx_word' id='word_1_69' title='bbox 972 1291 1068 1361; x_wconf 87' lang='lat' dir='ltr'><strong>euim</strong></span> <span class='ocrx_word' id='word_1_70' title='bbox 1088 1291 1181 1382; x_wconf 87' lang='lat' dir='ltr'><strong>juris</strong></span> <span class='ocrx_word' id='word_1_71' title='bbox 1196 1296 1260 1361; x_wconf 89' lang='lat' dir='ltr'><strong>aut</strong></span> 
     </span>
     <span class='ocr_line' id='line_1_10' title="bbox 142 1405 1258 1500; baseline 0 -22"><span class='ocrx_word' id='word_1_72' title='bbox 142 1425 284 1478; x_wconf 89' lang='lat' dir='ltr'><strong>morum</strong></span> <span class='ocrx_word' id='word_1_73' title='bbox 304 1406 454 1499; x_wconf 81' lang='lat' dir='ltr'><strong>regulas</strong></span> <span class='ocrx_word' id='word_1_74' title='bbox 473 1405 585 1478; x_wconf 90' lang='lat' dir='ltr'><strong>bonas</strong></span> <span class='ocrx_word' id='word_1_75' title='bbox 603 1428 699 1494; x_wconf 88' lang='lat' dir='ltr'><strong>esse,</strong></span> <span class='ocrx_word' id='word_1_76' title='bbox 713 1408 790 1495; x_wconf 88' lang='lat' dir='ltr'><strong>sed,</strong></span> <span class='ocrx_word' id='word_1_77' title='bbox 804 1428 887 1478; x_wconf 93' lang='lat' dir='ltr'><strong>cum</strong></span> <span class='ocrx_word' id='word_1_78' title='bbox 906 1407 1173 1498; x_wconf 78' lang='lat' dir='ltr'><strong>interrogamur</strong></span> <span class='ocrx_word' id='word_1_79' title='bbox 1187 1428 1258 1500; x_wconf 93' lang='lat' dir='ltr'><strong>quo</strong></span> 
     </span>
     <span class='ocr_line' id='line_1_11' title="bbox 142 1523 1258 1617; baseline -0.001 -21"><span class='ocrx_word' id='word_1_80' title='bbox 142 1525 362 1617; x_wconf 88' lang='lat' dir='ltr'><strong>pertineant,</strong></span> <span class='ocrx_word' id='word_1_81' title='bbox 398 1524 485 1596; x_wconf 88' lang='lat' dir='ltr'><strong>sine·</strong></span> <span class='ocrx_word' id='word_1_82' title='bbox 505 1524 578 1596; x_wconf 86' lang='lat' dir='ltr'><strong>fine</strong></span> <span class='ocrx_word' id='word_1_83' title='bbox 610 1524 828 1617; x_wconf 88' lang='lat' dir='ltr'><strong>disputatur.</strong></span> <span class='ocrx_word' id='word_1_84' title='bbox 862 1523 926 1594; x_wconf 86' lang='lat' dir='ltr'><strong>Sin</strong></span> <span class='ocrx_word' id='word_1_85' title='bbox 948 1523 1062 1615; x_wconf 83' lang='lat' dir='ltr'><strong>igitur</strong></span> <span class='ocrx_word' id='word_1_86' title='bbox 1088 1523 1258 1615; x_wconf 87' lang='lat' dir='ltr'><strong>quaerere</strong></span> 
     </span>
     <span class='ocr_line' id='line_1_12' title="bbox 142 1640 1257 1734; baseline 0.003 -25"><span class='ocrx_word' id='word_1_87' title='bbox 142 1641 230 1713; x_wconf 91' lang='lat' dir='ltr'><strong>licet</strong></span> <span class='ocrx_word' id='word_1_88' title='bbox 258 1660 327 1734; x_wconf 90' lang='lat' dir='ltr'><strong>qua</strong></span> <span class='ocrx_word' id='word_1_89' title='bbox 352 1641 491 1712; x_wconf 87' lang='lat' dir='ltr'><strong>ratione</strong></span> <span class='ocrx_word' id='word_1_90' title='bbox 518 1641 578 1713; x_wconf 87' lang='lat' dir='ltr'><strong>lex</strong></span> <span class='ocrx_word' id='word_1_91' title='bbox 609 1640 728 1734; x_wconf 87' lang='lat' dir='ltr'><strong>aliqua</strong></span> <span class='ocrx_word' id='word_1_92' title='bbox 757 1641 922 1712; x_wconf 80' lang='lat' dir='ltr'><strong>societati</strong></span> <span class='ocrx_word' id='word_1_93' title='bbox 940 1640 1066 1733; x_wconf 81' lang='lat' dir='ltr'><strong>prosit,</strong></span> <span class='ocrx_word' id='word_1_94' title='bbox 1083 1660 1157 1711; x_wconf 91' lang='lat' dir='ltr'><strong>non</strong></span> <span class='ocrx_word' id='word_1_95' title='bbox 1175 1640 1257 1712; x_wconf 90' lang='lat' dir='ltr'><strong>ideo</strong></span> 
     </span>
     <span class='ocr_line' id='line_1_13' title="bbox 143 1755 1257 1850; baseline 0 -22"><span class='ocrx_word' id='word_1_96' title='bbox 143 1757 347 1850; x_wconf 84' lang='lat' dir='ltr'><strong>explicatur</strong></span> <span class='ocrx_word' id='word_1_97' title='bbox 375 1755 472 1828; x_wconf 90' lang='lat' dir='ltr'><strong>unde</strong></span> <span class='ocrx_word' id='word_1_98' title='bbox 505 1778 549 1828; x_wconf 89' lang='lat' dir='ltr'><strong>ea</strong></span> <span class='ocrx_word' id='word_1_99' title='bbox 578 1758 731 1829; x_wconf 79' lang='lat' dir='ltr'><strong>venerit.</strong></span> <span class='ocrx_word' id='word_1_100' title='bbox 766 1757 906 1849; x_wconf 85' lang='lat' dir='ltr'><strong>ltaque,</strong></span> <span class='ocrx_word' id='word_1_101' title='bbox 940 1757 1001 1849; x_wconf 91' lang='lat' dir='ltr'><strong>qui</strong></span> <span class='ocrx_word' id='word_1_102' title='bbox 1031 1757 1257 1849; x_wconf 87' lang='lat' dir='ltr'><strong>politicarum</strong></span> 
     </span>
     <span class='ocr_line' id='line_1_14' title="bbox 142 1873 1257 1966; baseline 0.001 -23"><span class='ocrx_word' id='word_1_103' title='bbox 142 1893 262 1944; x_wconf 89' lang='lat' dir='ltr'><strong>rerum</strong></span> <span class='ocrx_word' id='word_1_104' title='bbox 287 1873 416 1946; x_wconf 88' lang='lat' dir='ltr'><strong>finales</strong></span> <span class='ocrx_word' id='word_1_105' title='bbox 445 1894 573 1946; x_wconf 82' lang='lat' dir='ltr'><strong>causas</strong></span> <span class='ocrx_word' id='word_1_106' title='bbox 598 1875 704 1945; x_wconf 88' lang='lat' dir='ltr'><strong>unice</strong></span> <span class='ocrx_word' id='word_1_107' title='bbox 727 1873 935 1966; x_wconf 83' lang='lat' dir='ltr'><strong>indagatur,</strong></span> <span class='ocrx_word' id='word_1_108' title='bbox 954 1892 1121 1966; x_wconf 89' lang='lat' dir='ltr'><strong>mancam</strong></span> <span class='ocrx_word' id='word_1_109' title='bbox 1140 1874 1257 1944; x_wconf 89' lang='lat' dir='ltr'><strong>soien-</strong></span> 
     </span>
     <span class='ocr_line' id='line_1_15' title="bbox 142 1988 1254 2084; baseline -0.001 -23"><span class='ocrx_word' id='word_1_110' title='bbox 142 1990 239 2069; x_wconf 64' lang='lat' dir='ltr'><strong>tiam=</strong></span> <span class='ocrx_word' id='word_1_111' title='bbox 251 1990 404 2081; x_wconf 84' lang='lat' dir='ltr'><strong>effingit,</strong></span> <span class='ocrx_word' id='word_1_112' title='bbox 424 1990 555 2084; x_wconf 88' lang='lat' dir='ltr'><strong>quippe</strong></span> <span class='ocrx_word' id='word_1_113' title='bbox 573 2005 680 2082; x_wconf 89' lang='lat' dir='ltr'><strong>quem</strong></span> <span class='ocrx_word' id='word_1_114' title='bbox 696 1988 902 2062; x_wconf 89' lang='lat' dir='ltr'><strong>earumdem</strong></span> <span class='ocrx_word' id='word_1_115' title='bbox 920 1991 1081 2083; x_wconf 83' lang='lat' dir='ltr'><strong>origines</strong></span> <span class='ocrx_word' id='word_1_116' title='bbox 1102 1989 1254 2060; x_wconf 88' lang='lat' dir='ltr'><strong>lateant.</strong></span> 
     </span>
     <span class='ocr_line' id='line_1_16' title="bbox 142 2103 1255 2198; baseline 0.003 -24"><span class='ocrx_word' id='word_1_117' title='bbox 142 2105 195 2174; x_wconf 81' lang='lat' dir='ltr'><strong>lla</strong></span> <span class='ocrx_word' id='word_1_118' title='bbox 218 2110 339 2176; x_wconf 86' lang='lat' dir='ltr'><strong>autem</strong></span> <span class='ocrx_word' id='word_1_119' title='bbox 360 2104 431 2176; x_wconf 91' lang='lat' dir='ltr'><strong>erit</strong></span> <span class='ocrx_word' id='word_1_120' title='bbox 447 2106 593 2198; x_wconf 89' lang='lat' dir='ltr'><strong>politica</strong></span> <span class='ocrx_word' id='word_1_121' title='bbox 612 2105 765 2178; x_wconf 88' lang='lat' dir='ltr'><strong>scientia</strong></span> <span class='ocrx_word' id='word_1_122' title='bbox 782 2106 812 2176; x_wconf 89' lang='lat' dir='ltr'><strong>si</strong></span> <span class='ocrx_word' id='word_1_123' title='bbox 828 2104 1025 2178; x_wconf 81' lang='lat' dir='ltr'><strong>Secundati</strong></span> <span class='ocrx_word' id='word_1_124' title='bbox 1045 2103 1255 2177; x_wconf 89' lang='lat' dir='ltr'><strong>methodum</strong></span> 
     </span>
     <span class='ocr_line' id='line_1_17' title="bbox 143 2233 346 2316; baseline -0.01 -23"><span class='ocrx_word' id='word_1_125' title='bbox 143 2233 346 2316; x_wconf 81' lang='lat' dir='ltr'><strong>sequemur.</strong></span> 
     </span>
    </p>
   </div>
   <div class='ocr_carea' id='block_1_2' title="bbox 669 2513 722 2585">
    <p class='ocr_par' dir='ltr' id='par_1_2' title="bbox 669 2513 722 2585">
     <span class='ocr_line' id='line_1_18' title="bbox 669 2513 722 2585; baseline 0.019 -1"><span class='ocrx_word' id='word_1_126' title='bbox 669 2513 722 2585; x_wconf 91' lang='lat' dir='ltr'><strong>III</strong></span> 
     </span>
    </p>
   </div>
   <div class='ocr_carea' id='block_1_3' title="bbox 131 2726 1252 3985">
    <p class='ocr_par' dir='ltr' id='par_1_3' title="bbox 131 2726 1252 3985">
     <span class='ocr_line' id='line_1_19' title="bbox 186 2726 1252 2824; baseline 0.001 -28"><span class='ocrx_word' id='word_1_127' title='bbox 186 2726 280 2815; x_wconf 84' lang='lat' dir='ltr'><strong>Quin</strong></span> <span class='ocrx_word' id='word_1_128' title='bbox 314 2727 424 2800; x_wconf 91' lang='lat' dir='ltr'><strong>etiam</strong></span> <span class='ocrx_word' id='word_1_129' title='bbox 457 2749 531 2799; x_wconf 90' lang='lat' dir='ltr'><strong>non</strong></span> <span class='ocrx_word' id='word_1_130' title='bbox 566 2728 671 2824; x_wconf 79' lang='lat' dir='ltr'><strong>modo</strong></span> <span class='ocrx_word' id='word_1_131' title='bbox 700 2728 793 2824; x_wconf 90' lang='lat' dir='ltr'><strong>juris</strong></span> <span class='ocrx_word' id='word_1_132' title='bbox 827 2728 977 2821; x_wconf 84' lang='lat' dir='ltr'><strong>regulae</strong></span> <span class='ocrx_word' id='word_1_133' title='bbox 1010 2750 1029 2800; x_wconf 91' lang='lat' dir='ltr'><strong>e</strong></span> <span class='ocrx_word' id='word_1_134' title='bbox 1065 2727 1252 2799; x_wconf 84' lang='lat' dir='ltr'><strong>societatis</strong></span> 
     </span>
     <span class='ocr_line' id='line_1_20' title="bbox 136 2839 1251 2938; baseline -0.002 -25"><span class='ocrx_word' id='word_1_135' title='bbox 136 2848 269 2914; x_wconf 90' lang='lat' dir='ltr'><strong>natura</strong></span> <span class='ocrx_word' id='word_1_136' title='bbox 285 2864 359 2914; x_wconf 90' lang='lat' dir='ltr'><strong>non</strong></span> <span class='ocrx_word' id='word_1_137' title='bbox 374 2845 580 2915; x_wconf 88' lang='lat' dir='ltr'><strong>necessario</strong></span> <span class='ocrx_word' id='word_1_138' title='bbox 597 2849 809 2938; x_wconf 89' lang='lat' dir='ltr'><strong>sequuntur,</strong></span> <span class='ocrx_word' id='word_1_139' title='bbox 830 2843 960 2937; x_wconf 83' lang='lat' dir='ltr'><strong>quippe</strong></span> <span class='ocrx_word' id='word_1_140' title='bbox 980 2864 1070 2937; x_wconf 92' lang='lat' dir='ltr'><strong>quae</strong></span> <span class='ocrx_word' id='word_1_141' title='bbox 1091 2839 1128 2912; x_wconf 94' lang='lat' dir='ltr'><strong>in</strong></span> <span class='ocrx_word' id='word_1_142' title='bbox 1145 2840 1251 2915; x_wconf 89' lang='lat' dir='ltr'><strong>rebus</strong></span> 
     </span>
     <span class='ocr_line' id='line_1_21' title="bbox 136 2958 1252 3055; baseline -0.002 -25"><span class='ocrx_word' id='word_1_143' title='bbox 136 2958 371 3032; x_wconf 86' lang='lat' dir='ltr'><strong>absconditae</strong></span> <span class='ocrx_word' id='word_1_144' title='bbox 390 2960 503 3033; x_wconf 91' lang='lat' dir='ltr'><strong>latere</strong></span> <span class='ocrx_word' id='word_1_145' title='bbox 525 2968 672 3055; x_wconf 85' lang='lat' dir='ltr'><strong>queant,</strong></span> <span class='ocrx_word' id='word_1_146' title='bbox 693 2961 763 3031; x_wconf 91' lang='lat' dir='ltr'><strong>nisi</strong></span> <span class='ocrx_word' id='word_1_147' title='bbox 785 2958 863 3055; x_wconf 90' lang='lat' dir='ltr'><strong>quis</strong></span> <span class='ocrx_word' id='word_1_148' title='bbox 880 2959 1069 3052; x_wconf 83' lang='lat' dir='ltr'><strong>legislator</strong></span> <span class='ocrx_word' id='word_1_149' title='bbox 1089 2980 1150 3030; x_wconf 89' lang='lat' dir='ltr'><strong>eas</strong></span> <span class='ocrx_word' id='word_1_150' title='bbox 1172 2959 1252 3028; x_wconf 92' lang='lat' dir='ltr'><strong>ads-</strong></span> 
     </span>
     <span class='ocr_line' id='line_1_22' title="bbox 133 3074 1252 3171; baseline -0.003 -25"><span class='ocrx_word' id='word_1_151' title='bbox 133 3074 250 3171; x_wconf 89' lang='lat' dir='ltr'><strong>piciat</strong></span> <span class='ocrx_word' id='word_1_152' title='bbox 266 3082 303 3147; x_wconf 90' lang='lat' dir='ltr'><strong>et</strong></span> <span class='ocrx_word' id='word_1_153' title='bbox 321 3076 359 3147; x_wconf 93' lang='lat' dir='ltr'><strong>in</strong></span> <span class='ocrx_word' id='word_1_154' title='bbox 381 3076 500 3149; x_wconf 88' lang='lat' dir='ltr'><strong>lucem</strong></span> <span class='ocrx_word' id='word_1_155' title='bbox 516 3077 613 3165; x_wconf 92' lang='lat' dir='ltr'><strong>edat,</strong></span> <span class='ocrx_word' id='word_1_156' title='bbox 630 3077 694 3149; x_wconf 89' lang='lat' dir='ltr'><strong>sed</strong></span> <span class='ocrx_word' id='word_1_157' title='bbox 715 3084 750 3150; x_wconf 91' lang='lat' dir='ltr'><strong>et</strong></span> <span class='ocrx_word' id='word_1_158' title='bbox 765 3076 871 3148; x_wconf 90' lang='lat' dir='ltr'><strong>aliam</strong></span> <span class='ocrx_word' id='word_1_159' title='bbox 887 3077 1034 3148; x_wconf 85' lang='lat' dir='ltr'><strong>formam</strong></span> <span class='ocrx_word' id='word_1_160' title='bbox 1053 3097 1098 3147; x_wconf 87' lang='lat' dir='ltr'><strong>ex</strong></span> <span class='ocrx_word' id='word_1_161' title='bbox 1117 3074 1252 3147; x_wconf 86' lang='lat' dir='ltr'><strong>Secun-</strong></span> 
     </span>
     <span class='ocr_line' id='line_1_23' title="bbox 136 3190 1251 3291; baseline -0.002 -29"><span class='ocrx_word' id='word_1_162' title='bbox 136 3192 223 3291; x_wconf 86' lang='lat' dir='ltr'><strong>dato</strong></span> <span class='ocrx_word' id='word_1_163' title='bbox 254 3192 385 3265; x_wconf 90' lang='lat' dir='ltr'><strong>habere</strong></span> <span class='ocrx_word' id='word_1_164' title='bbox 416 3200 572 3287; x_wconf 86' lang='lat' dir='ltr'><strong>possunt</strong></span> <span class='ocrx_word' id='word_1_165' title='bbox 598 3216 705 3288; x_wconf 90' lang='lat' dir='ltr'><strong>quam</strong></span> <span class='ocrx_word' id='word_1_166' title='bbox 732 3190 871 3287; x_wconf 74' lang='lat' dir='ltr'><strong>quae&#39;e</strong></span> <span class='ocrx_word' id='word_1_167' title='bbox 901 3192 1033 3277; x_wconf 88' lang='lat' dir='ltr'><strong>causis,</strong></span> <span class='ocrx_word' id='word_1_168' title='bbox 1067 3214 1088 3261; x_wconf 89' lang='lat' dir='ltr'><strong>a</strong></span> <span class='ocrx_word' id='word_1_169' title='bbox 1122 3190 1251 3285; x_wconf 87' lang='lat' dir='ltr'><strong>quibus</strong></span> 
     </span>
     <span class='ocr_line' id='line_1_24' title="bbox 133 3306 1249 3403; baseline -0.002 -23"><span class='ocrx_word' id='word_1_170' title='bbox 133 3306 311 3402; x_wconf 90' lang='lat' dir='ltr'><strong>pendent,</strong></span> <span class='ocrx_word' id='word_1_171' title='bbox 346 3310 521 3403; x_wconf 88' lang='lat' dir='ltr'><strong>sequitur.</strong></span> <span class='ocrx_word' id='word_1_172' title='bbox 547 3308 722 3380; x_wconf 86' lang='lat' dir='ltr'><strong>Humanis</strong></span> <span class='ocrx_word' id='word_1_173' title='bbox 745 3311 841 3382; x_wconf 91' lang='lat' dir='ltr'><strong>enim</strong></span> <span class='ocrx_word' id='word_1_174' title='bbox 867 3308 1102 3381; x_wconf 85' lang='lat' dir='ltr'><strong>societatibus</strong></span> <span class='ocrx_word' id='word_1_175' title='bbox 1124 3308 1249 3380; x_wconf 89' lang='lat' dir='ltr'><strong>neseio</strong></span> 
     </span>
     <span class='ocr_line' id='line_1_25' title="bbox 136 3424 1251 3520; baseline -0.004 -24"><span class='ocrx_word' id='word_1_176' title='bbox 136 3447 248 3520; x_wconf 87' lang='lat' dir='ltr'><strong>quam</strong></span> <span class='ocrx_word' id='word_1_177' title='bbox 263 3426 473 3498; x_wconf 84' lang='lat' dir='ltr'><strong>facultatem</strong></span> <span class='ocrx_word' id='word_1_178' title='bbox 497 3427 660 3498; x_wconf 88' lang='lat' dir='ltr'><strong>attribuit</strong></span> <span class='ocrx_word' id='word_1_179' title='bbox 684 3449 705 3496; x_wconf 89' lang='lat' dir='ltr'><strong>a</strong></span> <span class='ocrx_word' id='word_1_180' title='bbox 726 3449 790 3497; x_wconf 88' lang='lat' dir='ltr'><strong>sua</strong></span> <span class='ocrx_word' id='word_1_181' title='bbox 811 3426 970 3520; x_wconf 89' lang='lat' dir='ltr'><strong>ipsarum</strong></span> <span class='ocrx_word' id='word_1_182' title='bbox 993 3431 1123 3496; x_wconf 88' lang='lat' dir='ltr'><strong>natura</strong></span> <span class='ocrx_word' id='word_1_183' title='bbox 1147 3424 1251 3494; x_wconf 77' lang='lat' dir='ltr'><strong>decli-</strong></span> 
     </span>
     <span class='ocr_line' id='line_1_26' title="bbox 132 3537 1251 3636; baseline -0.002 -25"><span class='ocrx_word' id='word_1_184' title='bbox 132 3540 275 3613; x_wconf 86' lang='lat' dir='ltr'><strong>nandi:</strong></span> <span class='ocrx_word' id='word_1_185' title='bbox 297 3543 401 3634; x_wconf 84' lang='lat' dir='ltr'><strong>leges</strong></span> <span class='ocrx_word' id='word_1_186' title='bbox 420 3541 618 3630; x_wconf 85' lang='lat' dir='ltr'><strong>naturales,</strong></span> <span class='ocrx_word' id='word_1_187' title='bbox 639 3563 729 3636; x_wconf 90' lang='lat' dir='ltr'><strong>quae</strong></span> <span class='ocrx_word' id='word_1_188' title='bbox 748 3562 834 3612; x_wconf 86' lang='lat' dir='ltr'><strong>suae</strong></span> <span class='ocrx_word' id='word_1_189' title='bbox 858 3538 1108 3613; x_wconf 88' lang='lat' dir='ltr'><strong>constitutioni</strong></span> <span class='ocrx_word' id='word_1_190' title='bbox 1128 3537 1251 3609; x_wconf 90' lang='lat' dir='ltr'><strong>inhae-</strong></span> 
     </span>
     <span class='ocr_line' id='line_1_27' title="bbox 132 3657 1249 3750; baseline -0.004 -22"><span class='ocrx_word' id='word_1_191' title='bbox 132 3664 233 3743; x_wconf 89' lang='lat' dir='ltr'><strong>rent,</strong></span> <span class='ocrx_word' id='word_1_192' title='bbox 247 3657 411 3730; x_wconf 86' lang='lat' dir='ltr'><strong>homines</strong></span> <span class='ocrx_word' id='word_1_193' title='bbox 426 3680 500 3731; x_wconf 93' lang='lat' dir='ltr'><strong>uon</strong></span> <span class='ocrx_word' id='word_1_194' title='bbox 515 3658 641 3731; x_wconf 89' lang='lat' dir='ltr'><strong>eadem</strong></span> <span class='ocrx_word' id='word_1_195' title='bbox 654 3659 874 3730; x_wconf 88' lang='lat' dir='ltr'><strong>necessitate</strong></span> <span class='ocrx_word' id='word_1_196' title='bbox 891 3663 1088 3750; x_wconf 89' lang='lat' dir='ltr'><strong>sequantur</strong></span> <span class='ocrx_word' id='word_1_197' title='bbox 1107 3677 1177 3748; x_wconf 89' lang='lat' dir='ltr'><strong>qua</strong></span> <span class='ocrx_word' id='word_1_198' title='bbox 1191 3677 1249 3726; x_wconf 89' lang='lat' dir='ltr'><strong>res</strong></span> 
     </span>
     <span class='ocr_line' id='line_1_28' title="bbox 131 3769 1248 3868; baseline -0.004 -24"><span class='ocrx_word' id='word_1_199' title='bbox 131 3773 371 3864; x_wconf 87' lang='lat' dir='ltr'><strong>inanimatae,</strong></span> <span class='ocrx_word' id='word_1_200' title='bbox 396 3775 460 3847; x_wconf 88' lang='lat' dir='ltr'><strong>sed</strong></span> <span class='ocrx_word' id='word_1_201' title='bbox 482 3770 615 3868; x_wconf 83' lang='lat' dir='ltr'><strong>jugum</strong></span> <span class='ocrx_word' id='word_1_202' title='bbox 641 3775 822 3846; x_wconf 88' lang='lat' dir='ltr'><strong>interdum</strong></span> <span class='ocrx_word' id='word_1_203' title='bbox 842 3778 1013 3846; x_wconf 86' lang='lat' dir='ltr'><strong>excutere</strong></span> <span class='ocrx_word' id='word_1_204' title='bbox 1038 3773 1204 3861; x_wconf 87' lang='lat' dir='ltr'><strong>valeant(</strong></span> <span class='ocrx_word' id='word_1_205' title='bbox 1220 3769 1248 3862; x_wconf 88' lang='lat'><strong>).</strong></span> 
     </span>
     <span class='ocr_line' id='line_1_29' title="bbox 132 3887 1247 3985; baseline -0.005 -23"><span class='ocrx_word' id='word_1_206' title='bbox 132 3887 261 3962; x_wconf 88' lang='lat' dir='ltr'><strong>Rebus</strong></span> <span class='ocrx_word' id='word_1_207' title='bbox 292 3889 407 3982; x_wconf 84' lang='lat' dir='ltr'><strong>igitur</strong></span> <span class='ocrx_word' id='word_1_208' title='bbox 441 3889 597 3985; x_wconf 88' lang='lat' dir='ltr'><strong>politicis</strong></span> <span class='ocrx_word' id='word_1_209' title='bbox 628 3889 900 3982; x_wconf 74' lang='lat' dir='ltr'><strong>coctiapertiam</strong></span> <span class='ocrx_word' id='word_1_210' title='bbox 936 3887 1108 3984; x_wconf 91' lang='lat' dir='ltr'><strong>supponit</strong></span> <span class='ocrx_word' id='word_1_211' title='bbox 1143 3907 1247 3980; x_wconf 87' lang='lat' dir='ltr'><strong>quae,</strong></span> 
     </span>
    </p>
   </div>
   <div class='ocr_carea' id='block_1_4' title="bbox 129 4080 1258 4393">
    <p class='ocr_par' dir='ltr' id='par_1_4' title="bbox 129 4080 1258 4393">
     <span class='ocr_line' id='line_1_30' title="bbox 168 4080 1251 4153; baseline -0.004 -17"><span class='ocrx_word' id='word_1_212' title='bbox 168 4087 200 4150; x_wconf 67' lang='grc' dir='ltr'><strong>(ί)</strong></span> <span class='ocrx_word' id='word_1_213' title='bbox 218 4085 302 4136; x_wconf 72' lang='lat' dir='ltr'><strong>«Mais</strong></span> <span class='ocrx_word' id='word_1_214' title='bbox 313 4084 333 4136; x_wconf 92' lang='lat' dir='ltr'><strong>il</strong></span> <span class='ocrx_word' id='word_1_215' title='bbox 344 4088 398 4138; x_wconf 80' lang='lat' dir='ltr'><strong>s’eu</strong></span> <span class='ocrx_word' id='word_1_216' title='bbox 409 4087 464 4138; x_wconf 85' lang='lat' dir='ltr'><strong>luut</strong></span> <span class='ocrx_word' id='word_1_217' title='bbox 475 4087 536 4140; x_wconf 90' lang='lat' dir='ltr'><strong>bien</strong></span> <span class='ocrx_word' id='word_1_218' title='bbox 546 4103 597 4153; x_wconf 80' lang='lat' dir='ltr'><strong>que</strong></span> <span class='ocrx_word' id='word_1_219' title='bbox 607 4089 633 4140; x_wconf 90' lang='lat' dir='ltr'><strong>le</strong></span> <span class='ocrx_word' id='word_1_220' title='bbox 644 4088 740 4141; x_wconf 89' lang='lat' dir='ltr'><strong>monde</strong></span> <span class='ocrx_word' id='word_1_221' title='bbox 752 4086 900 4152; x_wconf 76' lang='lat' dir='ltr'><strong>intelligent</strong></span> <span class='ocrx_word' id='word_1_222' title='bbox 909 4087 960 4138; x_wconf 85' lang='lat' dir='ltr'><strong>soit</strong></span> <span class='ocrx_word' id='word_1_223' title='bbox 971 4087 1040 4137; x_wconf 84' lang='lat' dir='ltr'><strong>aussi</strong></span> <span class='ocrx_word' id='word_1_224' title='bbox 1050 4084 1111 4135; x_wconf 84' lang='lat' dir='ltr'><strong>hieu</strong></span> <span class='ocrx_word' id='word_1_225' title='bbox 1120 4080 1251 4149; x_wconf 76' lang='lat' dir='ltr'><strong>gou&#39;vernt</strong></span> 
     </span>
     <span class='ocr_line' id='line_1_31' title="bbox 129 4162 1258 4234; baseline -0.006 -16"><span class='ocrx_word' id='word_1_226' title='bbox 129 4179 189 4231; x_wconf 85' lang='lat' dir='ltr'><strong>qne</strong></span> <span class='ocrx_word' id='word_1_227' title='bbox 200 4166 225 4217; x_wconf 82' lang='lat' dir='ltr'><strong>le</strong></span> <span class='ocrx_word' id='word_1_228' title='bbox 236 4169 332 4218; x_wconf 91' lang='lat' dir='ltr'><strong>monde</strong></span> <span class='ocrx_word' id='word_1_229' title='bbox 340 4167 474 4233; x_wconf 84' lang='lat' dir='ltr'><strong>physique.</strong></span> <span class='ocrx_word' id='word_1_230' title='bbox 486 4166 537 4219; x_wconf 84' lang='lat' dir='ltr'><strong>Car</strong></span> <span class='ocrx_word' id='word_1_231' title='bbox 546 4171 659 4234; x_wconf 82' lang='lat' dir='ltr'><strong>quoique</strong></span> <span class='ocrx_word' id='word_1_232' title='bbox 670 4168 779 4220; x_wconf 78' lang='lat' dir='ltr'><strong>celui-ll</strong></span> <span class='ocrx_word' id='word_1_233' title='bbox 794 4169 831 4219; x_wconf 89' lang='lat' dir='ltr'><strong>ait</strong></span> <span class='ocrx_word' id='word_1_234' title='bbox 846 4169 917 4219; x_wconf 77' lang='lat' dir='ltr'><strong>aussi</strong></span> <span class='ocrx_word' id='word_1_235' title='bbox 932 4166 1043 4218; x_wconf 66' lang='lat' dir='ltr'><strong>des&#39;lois</strong></span> <span class='ocrx_word' id='word_1_236' title='bbox 1059 4165 1113 4230; x_wconf 89' lang='lat' dir='ltr'><strong>qul,</strong></span> <span class='ocrx_word' id='word_1_237' title='bbox 1130 4176 1176 4228; x_wconf 85' lang='lat' dir='ltr'><strong>par</strong></span> <span class='ocrx_word' id='word_1_238' title='bbox 1193 4162 1258 4212; x_wconf 85' lang='lat' dir='ltr'><strong>leur¹</strong></span> 
     </span>
     <span class='ocr_line' id='line_1_32' title="bbox 131 4241 1250 4314; baseline -0.006 -15"><span class='ocrx_word' id='word_1_239' title='bbox 131 4252 240 4312; x_wconf 77' lang='lat' dir='ltr'><strong>nature,</strong></span> <span class='ocrx_word' id='word_1_240' title='bbox 255 4251 315 4298; x_wconf 82' lang='lat' dir='ltr'><strong>sont</strong></span> <span class='ocrx_word' id='word_1_241' title='bbox 330 4248 494 4312; x_wconf 81' lang='lat' dir='ltr'><strong>invariables,</strong></span> <span class='ocrx_word' id='word_1_242' title='bbox 511 4249 530 4299; x_wconf 94' lang='lat' dir='ltr'><strong>il</strong></span> <span class='ocrx_word' id='word_1_243' title='bbox 547 4263 581 4299; x_wconf 87' lang='lat' dir='ltr'><strong>ne</strong></span> <span class='ocrx_word' id='word_1_244' title='bbox 595 4251 634 4302; x_wconf 82' lang='lat' dir='ltr'><strong>lea</strong></span> <span class='ocrx_word' id='word_1_245' title='bbox 651 4249 703 4301; x_wconf 82' lang='lat' dir='ltr'><strong>ruit</strong></span> <span class='ocrx_word' id='word_1_246' title='bbox 719 4263 765 4314; x_wconf 83' lang='lat' dir='ltr'><strong>pas</strong></span> <span class='ocrx_word' id='word_1_247' title='bbox 779 4254 972 4302; x_wconf 67' lang='lat' dir='ltr'><strong>consumment</strong></span> <span class='ocrx_word' id='word_1_248' title='bbox 989 4260 1092 4299; x_wconf 88' lang='lat' dir='ltr'><strong>comme</strong></span> <span class='ocrx_word' id='word_1_249' title='bbox 1110 4244 1135 4296; x_wconf 86' lang='lat' dir='ltr'><strong>le</strong></span> <span class='ocrx_word' id='word_1_250' title='bbox 1155 4241 1250 4294; x_wconf 80' lang='lat' dir='ltr'><strong>monde</strong></span> 
     </span>
     <span class='ocr_line' id='line_1_33' title="bbox 131 4328 1188 4393; baseline -0.01 -14"><span class='ocrx_word' id='word_1_251' title='bbox 131 4328 265 4393; x_wconf 70' lang='lat' dir='ltr'><strong>moysique</strong></span> <span class='ocrx_word' id='word_1_252' title='bbox 278 4329 330 4380; x_wconf 87' lang='lat' dir='ltr'><strong>suit</strong></span> <span class='ocrx_word' id='word_1_253' title='bbox 340 4330 379 4380; x_wconf 93' lang='lat' dir='ltr'><strong>les</strong></span> <span class='ocrx_word' id='word_1_254' title='bbox 390 4330 502 4381; x_wconf 86' lang='lat' dir='ltr'><strong>siennes.</strong></span> <span class='ocrx_word' id='word_1_255' title='bbox 512 4346 526 4377; x_wconf 89' lang='lat'><strong>&gt;›</strong></span> <span class='ocrx_word' id='word_1_256' title='bbox 536 4329 616 4393; x_wconf 90' lang='lat' dir='ltr'><strong>(l,l.)</strong></span> <span class='ocrx_word' id='word_1_257' title='bbox 1185 4331 1188 4336; x_wconf 81' lang='grc'>’</span> 
     </span>
    </p>
   </div>
   <div class='ocr_carea' id='block_1_5' title="bbox 0 0 1396 4950">
    <p class='ocr_par' dir='ltr' id='par_1_5' title="bbox 0 0 1396 4950">
     <span class='ocr_line' id='line_1_34' title="bbox 0 0 1396 4950; baseline 0 3"><span class='ocrx_word' id='word_1_258' title='bbox 0 0 1396 4950; x_wconf 95' lang='lat' dir='ltr'><strong> </strong></span> 
     </span>
    </p>
   </div>
  </div>
 </body>
</html>
