2782 4950
616 310 777 374 ..5ss-

136 448 262 542 Itaque
286 449 361 546 jam
388 442 600 520 Aristoteles
626 446 768 520 morbos
797 452 835 520 et
860 453 1021 520 monstra
1053 466 1251 544 omnesque

136 586 300 657 enormes
325 566 423 637 vitae
445 565 576 637 formas
598 586 680 636 esse
705 565 845 637 fructus
869 562 1042 638 obscurae
1064 565 1253 659 cujusdam

135 680 408 774 contingentiae
439 678 678 751 arbitrabatur
699 683 751 772 (¹).
786 680 945 753 Scientia
969 680 1083 773 igitur
1106 679 1256 774 politica

136 797 259 869 statim
282 796 324 867 ab
347 797 419 869 isto
446 817 563 869 errore
594 795 736 868 liberari
762 817 838 867 non
861 803 1015 890 poterat,
1039 797 1254 890 praesertim

136 935 219 986 cum
240 910 387 983 morbus
408 914 579 1007 majorem
605 912 726 984 locum
750 932 929 1005 nusquam
945 919 1070 984 teneat
1087 934 1197 1007 quam
1216 913 1253 984 iu

133 1029 300 1100 humanis
341 1029 588 1114 societatibus
631 1029 876 1123 normalisque
915 1033 1034 1101 status
1071 1049 1253 1122 nusquam

133 1146 305 1220 incertior
321 1146 369 1216 sit
379 1166 420 1217 ac
438 1143 618 1217 difficilius
634 1142 840 1217 definiatur.

179 1262 239 1334 Sic
264 1263 388 1356 plures
414 1262 485 1333 loci
507 1261 749 1356 explanantur
768 1261 830 1331 ubi
852 1260 1083 1334 Secundatus
1107 1261 1253 1355 legisla-

49 1450 51 1455 ,
133 1384 249 1452 torem
266 1377 355 1448 mira
372 1377 526 1470 quadam
543 1383 725 1470 potestate
743 1378 923 1450 instruere
938 1377 1083 1450 videtur
1098 1384 1251 1449 naturae

132 1494 206 1587 ipsi
232 1493 307 1563 vim
326 1493 515 1581 inferendi.
542 1492 586 1563 In
606 1491 830 1585 regionibus,
858 1493 1013 1586 exempli
1035 1493 1167 1584 gratia,
1191 1490 1252 1563 ubi

132 1611 265 1681 nimius
283 1609 370 1680 solis
389 1610 495 1680 ardor
514 1608 559 1680 ad
579 1607 725 1679 nimiam
742 1609 928 1702 pigritiam
948 1610 1085 1682 incolas
1104 1609 1250 1695 invitat,

132 1725 380 1818 legislatorem
406 1725 510 1819 jubet
531 1747 620 1812 ,eam
652 1726 747 1796 omni
779 1724 839 1796 via
872 1724 1173 1820 compescere(²).
1203 1727 1253 1797 At

133 1842 297 1939 quamuis
328 1841 397 1914 hoc
424 1842 554 1913 vitium
579 1864 599 1914 e
624 1845 743 1913 causis
767 1842 929 1936 physicis
956 1843 1103 1929 oriatur,
1127 1848 1253 1914 tamen

133 1959 194 2057 qui
216 1961 250 2030 ei
271 1959 391 2030 obstat
408 1964 577 2030 naturam
597 1980 672 2030 non
698 1956 835 2030 violare
856 1963 980 2030 nostro
1005 1957 1163 2044 ridetur,
1188 1957 1252 2058 sed

133 2080 258 2146 contra
270 2074 435 2147 homines
449 2075 494 2146 ad
512 2074 709 2147 normalem
724 2074 882 2169 ipsorum
895 2081 1069 2147 naturam¹
1080 2095 1251 2147 revocare

133 2213 224 2288 quae
253 2197 391 2263 tantam
422 2190 619 2284 segnitiem
651 2212 723 2262 non
754 2191 892 2285 patitur
907 2191 963 2285 (⁸).
1001 2188 1175 2262 Eamdom
1207 2190 1251 2263 ob

133 2328 280 2379 causam
310 2307 405 2401 apud
430 2307 568 2378 feroces
595 2306 749 2400 populos
776 2307 953 2380 terribiles
982 2327 1120 2401 poenas
1152 2306 1254 2380 insti·

132 2430 235 2495 tuere
258 2425 503 2494 necessarium
526 2444 607 2494 csse
631 2422 720 2495 dicit
740 2422 894 2495 ut‘baec
915 2444 1057 2494 morum
1079 2423 1251 2502 ferocitas

134 2539 387 2626 comprimatur
407 2539 462 2631 (l).
496 2538 540 2610 In
567 2539 732 2611 omnibus
763 2539 845 2610 istis
878 2539 1021 2611 casibus
1060 2539 1252 2632 legislator

133 2659 272 2726 tantam
296 2655 497 2749 potentiam
525 2654 634 2729 habet
660 2677 734 2726 non
765 2653 860 2746 quod
886 2655 1080 2726 societates
1105 2655 1250 2749 legibus

134 2778 324 2855 acuatura
341 2770 490 2842 definita
511 2778 658 2843 careant
678 2771 832 2866 ideoque
854 2773 898 2843 ad
919 2772 1060 2843 libitum
1082 2775 1250 2866 componi

133 2887 293 2980 possiut3
311 2886 378 2959 sed
394 2894 521 2959 contra
538 2889 621 2982 quia
638 2888 838 2961 secundum
854 2889 1049 2960 normalem
1064 2887 1251 2960 hominum

134 3004 423 3099 societatumque
444 3010 609 3075 naturam
633 3005 712 3096 agit
737 3005 841 3097 eique
873 3011 1014 3076 tantum
1043 3004 1248 3076 auxiliatur.

177 3117 276 3191 Haec
300 3119 463 3192 doctrina
484 3122 603 3213 igitur
626 3143 699 3191 non
724 3111 822 3193 mera
845 3134 1088 3215 expressaque
1110 3127 1257 3193 contra·-

133 3224 288 3307 dictione
310 3237 481 3309 inficitur.
501 3237 731 3309 Secundatus
747 3238 843 3309 enim
859 3259 932 3309 non
948 3237 1075 3310 iisdem
1091 3237 1251 3331 politicis

132 3351 236 3424 lactis
256 3351 417 3424 ordinem
437 3361 576 3425 certum
597 3353 718 3426 inesse
738 3354 975 3448 eumdemque
997 3355 1123 3426 deesse
1141 3353 1248 3439 dicit;

133 3467 444 3563 sedpubicumque
460 3491 518 3541 res
531 3471 652 3563 justae
670 3476 769 3556 sunt,
787 3470 986 3542 secundum
1001 3471 1106 3561 leges
1121 3489 1251 3541 neces·

135 3583 247 3655 sarias
270 3585 364 3656 fiunt
386 3607 499 3679 eaque
519 3587 722 3659 necessitas
742 3587 990 3660 tantummodo
1017 3595 1138 3659 cessat
1164 3612 1249 3662 curn

164 3783 195 3847 (¹)
210 3782 301 3846 Zeller‚
315 3783 487 3848 Philosophia
498 3782 546 3835 der·
558 3782 700 3844 Grieobeo,
712 3783 787 3834 tertia
797 3783 885 3847 editio,
902 3783 935 3847 Il,
948 3799 1006 3848 pars
1015 3784 1138 3848 secunda,
1149 3801 1175 3852 p.
1190 3787 1247 3840 333.

163 3863 196 4005 g}
212 3863 328 4002 uxgr’affil
336 3943 403 3993 donc
414 3943 438 3993 la
449 3943 585 4007 puissunee
596 3943 726 4008 physiqua'
733 3901 766 3994 de
777 3943 889 3995 certains
900 3943 1004 3996 climats
1014 3944 1082 3996 viole
1093 3945 1117 3997 la
1131 3946 1166 3998 loi
1176 3955 1249 4001 natu-

133 4022 240 4087 relle...‚
256 4024 318 4075 o'est
332 4038 366 4073 au
376 4023 526 4086 legislatenr
540 4024 555 4074 a
570 4025 634 4074 faire
652 4025 697 4074 des
712 4024 760 4074 lois
777 4025 866 4075 civiles
882 4025 927 4090 qul
942 4026 1043 4077 torrent
1059 4027 1084 4077 la
1101 4031 1194 4080 nature
1212 4032 1248 4081 du

133 4103 224 4153 climat
235 4107 260 4153 el
272 4102 435 4154 retablissent
447 4103 484 4153 les
495 4105 544 4153 lois
554 4103 704 4169 primitivos.
715 4119 728 4151 r
739 4104 815 4167 (XVI,
828 4104 879 4169 la.)

164 4183 197 4246 (⁴)
214 4199 227 4230 «
238 4182 271 4233 Le
283 4184 377 4247 peuple
385 4182 503 4247 japonais
515 4200 528 4235 a
540 4199 576 4235 nn
587 4185 718 4235 caractere
729 4185 751 4233 si
769 4189 854 4235 atroce
868 4200 919 4249 que
934 4201 975 4237 sas
990 4186 1154 4252 legislateurs
1167 4195 1193 4241 et
1207 4204 1247 4240 ses

133 4263 282 4327 magistrats
293 4265 367 4314 n’ont
378 4279 412 4328 pu
425 4265 496 4315 avoir
505 4279 604 4315 aucune
615 4262 750 4316 confianoe
761 4279 794 4315 en
803 4265 856 4329 lui3
874 4267 907 4316 ils
922 4281 956 4317 ne
971 4267 1008 4318 lui
1024 4273 1071 4318 ont
1086 4269 1135 4320 mis
1151 4271 1246 4321 derant

133 4342 171 4392 les
180 4357 247 4406 your
258 4359 308 4408 qne
317 4345 361 4394 des
370 4345 457 4409 juges,
470 4347 515 4396 des
527 4361 649 4398 menaoes
660 4351 686 4398 el
696 4345 741 4397 des
753 4347 941 4400 molimento.»
954 4349 1017 4412 (XV,
1030 4349 1082 4414 15.)
