2782 4950
610 316 768 379 „49-

70 460 74 469 '
132 473 258 527 mores
274 447 474 523 immobiles
492 447 598 519 efficit
610 448 664 539 (¹).
683 445 739 517 Ex
759 446 887 518 iisdem
908 445 1028 517 oensis
1046 444 1250 518 commercii

132 575 263 640 natura
278 566 349 638 alia
364 569 422 638 est
437 564 476 635 in
491 561 640 635 Oriente
655 568 761 656 atque
777 562 815 632 in
829 560 974 658 Europa
990 562 1004 655 (
1019 562 1048 657 ).

182 682 354 769 Quamvis
380 682 447 753 has
476 701 608 752 causas
634 700 707 751 non
733 681 812 774 pari
836 678 933 750 linea
961 684 1071 770 atque
1096 676 1250 771 priorem

134 798 355 895 posueritao
378 798 586 891 praevalere
615 802 756 867 tanturn
781 795 877 890 apud
897 795 991 867 feras
1016 800 1147 886 gentos
1171 792 1249 887 ipse

136 917 331 1011 agnoverit
342 913 395 1007 (ὃ),
412 912 598 986 fatendum
615 918 810 984 esttamen
825 932 949 983 eorum
972 911 1047 982 vim
1072 931 1251 1005 nusquam

133 1039 275 1107 tentam
299 1031 413 1103 fuisse
440 1035 612 1124 quantam
632 1028 824 1122 judicavit.
852 1027 1059 1117 Domestica
1087 1027 1183 1100 enim
1213 1033 1251 1097 et

134 1146 284 1241 politica
301 1147 514 1240 privataque
529 1146 648 1216 virtus
663 1144 702 1215 in
717 1143 942 1236 regionibus,
962 1165 1052 1236 quae
1074 1143 1165 1215 caeli
1184 1148 1252 1215 ter·

135 1276 271 1357 rdeque
286 1267 417 1335 notura
429 1259 642 1353 longissime
658 1259 840 1346 differunt,
855 1282 969 1354 aeque
982 1260 1150 1333 occurrit.
1166 1258 1250 1348 Sed,

136 1378 311 1475 quidquid
333 1377 371 1449 id
397 1383 468 1464 est,
484 1377 554 1448 hoo
583 1379 704 1471 ipsum
732 1376 890 1448 ostendit
916 1384 1090 1470 quantum
1117 1376 1254 1454 Secun-

136 1494 246 1569 drtus
278 1494 434 1567 senserit
465 1515 525 1566 res
564 1493 736 1589 politicas
766 1492 910 1586 legibus
947 1493 1055 1566 certis
1089 1489 1253 1577 subditas

135 1632 231 1684 esse.
256 1609 402 1683 Etenim
424 1611 545 1680 omnia
569 1607 671 1693 haec,
702 1610 733 1678 si
758 1607 798 1678 in
822 1608 932 1681 breve
955 1616 1154 1702 eoguntur,
1182 1607 1256 1680 huo

135 1727 318 1798 redeunt:
351 1748 399 1801 ex
432 1725 556 1821 populi
590 1723 779 1819 cujusdam
816 1725 1074 1817 magnitudine,
1107 1747 1155 1799 ex
1187 1725 1256 1796 soli

134 1842 251 1915 forme
277 1843 374 1936 quod
406 1842 504 1914 idem
527 1846 701 1939 occupet,
730 1847 914 1914 exterrere
943 1842 1103 1932 caelique
1125 1846 1257 1912 nature

136 1956 268 2030 deduci
285 1979 394 2053 posse
413 1958 519 2051 eujus
535 1960 681 2050 generis
700 1957 747 2028 sit
762 1957 822 2029 illa
835 1957 990 2031 societas
1006 1965 1045 2031 et
1068 1979 1159 2052 quae
1181 1959 1257 2029 sint

135 2072 245 2168 hujus
262 2075 368 2169 leges
384 2080 423 2145 et
437 2074 619 2147 instituta.

184 2190 386 2264 Sedunum
401 2196 545 2263 tantum
559 2191 743 2266 doetrinae
765 2199 917 2285 partem,
941 2214 1049 2286 quam
1073 2192 1256 2266 Secunda-

138 2314 204 2382 tus
218 2309 258 2379 in
273 2329 340 2380 suo
353 2308 444 2380 libro
461 2310 642 2403 exposuit,
662 2309 780 2382 adhue
795 2310 996 2382 retulimus.
1018 2310 1137 2381 Aliam
1157 2332 1256 2381 nuno

136 2422 329 2497 videamus
347 2447 439 2520 quae
455 2425 564 2519 priori
584 2426 765 2498 contrarie
784 2447 867 2499 esse
882 2425 1040 2498 videtur.
1055 2426 1156 2498 Haeo
1172 2448 1257 2498 oon·

137 2536 306 2614 undiotio
339 2541 453 2636 digna
481 2548 541 2615 est
572 2564 679 2636 quam
703 2544 851 2636 ponitus
874 2543 1120 2636 inspiciemus.
1140 2542 1196 2615 Ex
1212 2565 1256 2615 eo

138 2649 237 2732 enirn
264 2658 395 2730 melius
420 2658 648 2750 intelligetur
674 2679 749 2730 non
774 2658 881 2731 modo
909 2681 1002 2752 quae
1033 2660 1082 2730 sit
1110 2660 1256 2752 integra

139 2773 326 2871 scriptoris
343 2774 459 2846 nostri
474 2775 669 2860 sententie,
690 2774 755 2846 sed
776 2775 885 2846 etiam
901 2796 993 2869 quae
1010 2774 1253 2861 difficultates,

140 2889 340 2965 Secundeti
355 2890 500 2964 saeculo
517 2900 625 2985 atque
639 2891 748 2963 etiam
758 2897 1070 2984 nostrorempore,
1087 2890 1255 2985 politiore

140 3007 316 3081 scientiae
333 3006 553 3080 institutioni
570 3007 788 3080 obstiterint.
1234 3003 1237 3007 ’

686 3312 721 3385 lI

187 3528 425 3621 Quicumque,
438 3531 481 3598 ut
494 3547 603 3622 supra
614 3525 785 3616 vidimus,
800 3526 839 3597 in
850 3525 998 3620 politica
1007 3526 1084 3598 rito
1097 3524 1258 3598 ordinem

141 3650 285 3717 eertum
312 3665 392 3716 esse
428 3641 626 3729 existimat,
653 3641 877 3742 legislatoris
905 3649 1028 3735 partes
1052 3630 1256 3726 neeessarlo

139 3761 275 3837 elevat.
293 3761 387 3833 Nam
403 3759 523 3831 civilia
537 3759 719 3846 instituta,
741 3760 772 3830 si
788 3781 809 3832 o
825 3780 944 3831 rerum
959 3765 1259 3854 daturosequun·

138 3887 216 3964 tur,
232 3899 308 3952 non
323 3899 370 3950 ex
384 3877 492 3948 unius
513 3876 604 3948 rivis
623 3882 686 3948 aut
698 3875 857 3970 plurium
875 3875 1063 3949 voluntate
1082 3873 1263 3968 pendent·

172 4076 204 4139 (1)
219 4074 286 4137 xlv,
297 4072 321 4125 4.

171 4155 202 4219 (¹)
219 4153 287 4218 XXI,
298 4153 322 4205 1.

171 4236 203 4299 (θ)
221 4235 277 4286 rLr
294 4239 387 4286 nature
402 4237 428 4284 et
442 4234 467 4285 le
482 4232 574 4285 elimat
591 4233 728 4285 dominent
746 4247 859 4300 presque
882 4234 953 4285 senls
973 4234 1036 4286 chez
1051 4230 1092 4286 les
1103 4246 1258 4299 arroges.»

132 4314 267 4379 (rnre)

1131 4424 1147 4481 l
