2782 4950
598 408 633 422 ..
655 374 691 437 21
714 408 753 420 -

119 506 241 579 aditur
273 508 442 594 seientia3
472 514 609 598 eontra,
637 529 711 579 non
740 508 811 578 nisi
833 509 946 580 multa
981 511 1156 582 tentando
1184 513 1236 582 in·

118 625 279 695 venitur.
307 625 399 695 Vide
426 647 533 718 quam
551 631 719 696 recenter
741 625 947 697 animalium
971 627 1122 698 scientia
1141 628 1236 698 viam

119 740 296 831 repererit
311 741 407 812 vitae
424 741 531 833 leges
549 741 587 810 in
604 741 700 810 rivis
719 742 808 833 ipsis
834 741 1061 813 observandi.
1077 743 1235 836 Psyche·

119 856 221 947 logia
237 879 379 951 quoque
392 859 453 929 diu
467 858 601 930 erravit
616 857 826 951 priusquam
837 858 1048 929 methodum
1058 861 1236 954 propriam

122 972 191 1045 sibi
216 974 475 1068 composuerit3
499 974 646 1068 politica
667 980 788 1045 autem
812 974 964 1045 seientia
985 975 1022 1044 in
1043 976 1236 1067 majeribus

121 1091 234 1163 etiam
259 1090 531 1162 difficultatibus
558 1091 763 1184 impeditur.
796 1089 868 1161 Res
897 1089 992 1161 enim
1016 1096 1092 1161 tam
1116 1092 1236 1163 variae

121 1210 211 1278 sunt
232 1213 276 1278 ut
298 1207 393 1300 quod
417 1228 606 1297 commune
634 1205 770 1279 habent
797 1206 900 1298 quasi
923 1207 1085 1278 velatum
1106 1208 1235 1292 lateat;

120 1331 198 1395 tam
220 1323 371 1395 mobiles
394 1330 437 1395 ut
463 1323 730 1395 observatorem
754 1323 882 1415 fugere
905 1322 1108 1395 rideantur.
1131 1323 1239 1396 Prae·

119 1447 236 1524 terea,
270 1459 401 1512 causae
433 1446 471 1511 et
498 1440 650 1511 effeetus
680 1439 732 1509 ita
755 1439 851 1510 inter
875 1461 913 1510 se
939 1439 1167 1534 implicantur
1195 1447 1240 1511 ut

122 1556 341 1628 omnimodo
361 1555 623 1649 providendum
647 1555 756 1627 sitne
774 1555 863 1627 aliae
888 1577 970 1626 oum
991 1556 1069 1626 aliis
1092 1557 1238 1627 confun-

121 1681 267 1752 dantur.
286 1681 383 1753 Ante
406 1682 536 1766 omnia,
558 1682 657 1752 11111
678 1681 925 1776 experimenta
943 1682 981 1751 in
1004 1681 1239 1753 societatibus

120 1798 290 1869 humanis
306 1799 439 1870 tentari
456 1805 611 1893 possunt
628 1818 697 1870 nee
714 1798 819 1869 faeile
834 1797 1073 1898 reperireest
1084 1819 1154 1890 qua
1170 1797 1241 1867 alia

120 1914 261 1985 ratione
289 1935 353 2007 pro
387 1915 634 2009 experimento
659 1915 713 1985 uti
740 1914 936 2009 possimus.
960 1904 1073 1985 Vid'e's
1103 1911 1241 1993 metho-

121 2030 222 2115 dum,
239 2035 434 2123 antequam
450 2029 639 2101 seientiam
656 2029 957 2116 inchoaverimus,
976 2049 1048 2100 non
1065 2028 1239 2100 constitui

120 2166 257 2242 posse:
281 2167 300 2218 1
319 2146 472 2218 seientia
490 2146 613 2236 oritur,
635 2146 798 2239 quamvis
819 2145 936 2219 eidem
951 2145 1157 2217 necessaria
1176 2145 1235 2216 sit.

170 2375 395 2460 Quaeramus
419 2399 517 2451 nune
545 2386 724 2473 quatenus
750 2382 868 2452 varias
894 2381 973 2452 illas
998 2379 1235 2464 conditiones,

122 2492 219 2565 omni
250 2491 423 2567 scientiae
455 2498 692 2584 necessarias,
725 2498 763 2571 in
791 2519 857 2570 suo
888 2498 976 2577 libro
1008 2495 1237 2582 secundatur

122 2608 336 2705 expleverit.
