2782 4950
612 203 770 267 ..47-

132 333 380 411 Monarchiam
411 334 616 408 necessario
644 333 765 430 evadit
778 333 833 427 (¹).
866 333 905 406 Si
932 356 1018 408 vero
1043 357 1118 411 nou
1143 341 1248 415 ruodo
1341 399 1343 402 Α

132 449 347 534 modestam,
384 450 447 521 sed
478 449 624 521 nimiam
656 449 927 545 amplitudinem
956 451 1077 541 habet,
1111 455 1250 543 Monac

133 565 216 635 chia
249 565 319 634 abit
346 564 383 633 in
414 563 630 657 Tyrannida.
668 564 759 634 Nam
790 570 933 635 vastum
961 566 1148 660 imperium
1175 594 1249 643 non

134 688 233 751 stare
250 679 366 773 possit
380 679 450 749 nisi
473 681 641 773 princeps
659 678 859 749 absolutam
877 686 1098 773 potestatem
1118 684 1249 757 habeat

135 818 208 889 qua
236 803 291 867 tot
325 797 478 890 populos
508 802 610 869 tanto
633 795 750 889 spatio
780 795 963 889 dispersos
995 800 1246 895 confluente).

133 913 238 984 Adeo
259 919 358 984 arcta
383 919 441 985 est
464 934 508 984 aa
529 911 706 984 connexio
726 911 823 984 iuter
843 919 1008 1006 naturam
1034 915 1250 989 societatum

133 1032 414 1125 earumdemque
450 1029 721 1125 amplitudinem
756 1036 797 1102 ut
830 1031 1005 1124 cujusque
1035 1033 1250 1129 principium

133 1154 261 1241 pereat
296 1147 327 1218 si
360 1149 516 1243 populus
546 1146 819 1220 ultramodum
856 1147 989 1224 crescit
1022 1156 1084 1219 aut
1123 1159 1250 1225 contra

133 1265 379 1356 minuiturG).

179 1383 274 1454 Saue
290 1382 404 1454 mults
421 1387 507 1455 suut
522 1381 561 1452 in
577 1382 623 1452 iis
637 1399 727 1475 quae
740 1380 911 1472 redargui
924 1381 1090 1458 debeant.
1104 1383 1249 1461 Etenim

133 1498 314 1570 innumeri
342 1504 430 1569 sunt
452 1499 577 1593 populi
605 1497 677 1590 qui,
713 1518 916 1590 quanquam
943 1500 1160 1573 mediocrem
1186 1508 1251 1576 sut

134 1615 243 1685 etiam
283 1614 452 1706 exiguam
491 1613 763 1707 amplitudinem
797 1613 944 1698 habeut,
984 1615 1051 1687 sub
1085 1619 1250 1710 tyrannis

134 1732 278 1804 vivunt.
301 1730 372 1801 Alii
387 1737 522 1816 eontra,
541 1736 583 1801 ut
596 1729 816 1803 iudaeorum
832 1750 939 1821 gens,
958 1731 1122 1823 quamvis
1142 1755 1250 1827 grec-3

135 1871 197 1920 cus
213 1848 426 1940 italicasque
451 1847 619 1920 civitates
638 1845 889 1937 magnitudine
916 1847 1027 1940 longe
1054 1870 1252 1944 exsupera-

134 1965 265 2049 rerint‚
285 1962 474 2056 quemdam
490 1968 613 2034 tamen
637 1960 885 2035 Democrutiae
905 1962 1053 2059 formum
1074 1964 1250 2057 praebue-

134 2088 230 2153 runt.
251 2080 444 2151 Praeterea
458 2078 496 2148 iu
519 2078 598 2172 ipsa
623 2078 875 2172 explicatione,
899 2079 930 2164 si
953 2079 992 2149 iu
1013 2079 1153 2172 singula
1168 2081 1249 2153 des

135 2197 327 2282 conderis,
342 2216 415 2267 nou
438 2194 528 2267 nihil
551 2193 677 2266 incerti
701 2193 858 2286 vagique
884 2195 1030 2289 saepius
1070 2197 1248 2290 reperies.

133 2310 374 2385 Nihilominus
401 2310 553 2403 ingenui
579 2310 636 2381 sui
659 2330 811 2382 acumen
836 2310 1065 2384 Secundatus
1086 2313 1248 2406 ostendit

136 2453 216 2504 eum
239 2431 373 2503 civium
393 2448 543 2500 nurnero
564 2434 704 2499 tantum
718 2425 865 2521 ,pondus
886 2427 1063 2502 attribuit.
1080 2431 1132 2503 Ea
1151 2432 1247 2503 enim

136 2569 245 2620 eausa
272 2545 464 2616 maximam
491 2544 578 2615 vim·
595 2542 705 2615 habet
727 2543 776 2625 vad
804 2564 867 2616 res
888 2544 1052 2638 politicas
1076 2545 1249 2618 definien-

137 2663 217 2749 das;
250 2665 337 2756 quin
370 2683 449 2734 eam
482 2663 585 2753 qussi
619 2659 865 2733 fontem-csso
899 2661 1078 2731 credimus
1104 2681 1151 2735 ex
1177 2683 1248 2754 quo

135 2780 349 2874 praecipuae
379 2775 602 2848 differentiae
643 2775 739 2845 inter
777 2774 972 2846 societates
1009 2781 1108 2848 ortae
1147 2782 1244 2847 sunt.

135 2895 246 2969 Prout
261 2895 401 2966 incolae
425 2891 530 2987 pauci
553 2897 641 2963 sunt
662 2896 725 2960 aut
748 2896 873 2962 contra
892 2891 1086 2976 numerosi,
1104 2891 1248 2984 religio,

134 3014 277 3098 familia,
296 3030 425 3094 moros,
440 3009 514 3102 jue,
532 3013 617 3094 etc,
635 3028 708 3078 non
730 3006 856 3078 eadem
880 3028 961 3080 esse
981 3014 1148 3102 possunt.
1165 3006 1247 3081 Hoc

135 3151 247 3202 unum
264 3127 512 3200 Socundatum
528 3125 631 3195 latuit
645 3145 718 3195 non
734 3123 864 3195 civium
886 3145 1075 3196 numerum
1100 3124 1160 3217 qui
1178 3125 1245 3196 sub

136 3246 259 3319 eadem
289 3238 500 3321 auctoritate
526 3238 743 3330 rediguntur
768 3238 913 3323 referre,
941 3238 1004 3311 sed
1032 3257 1155 3311 eorum
1184 3236 1248 3332 qui

137 3360 348 3436 commercio
383 3357 502 3450 aliquo
526 3356 810 3450 conjunguntur.
835 3353 927 3427 Nam
952 3356 1117 3448 quamvis
1139 3355 1249 3427 multi·

136 3479 251 3551 eidem
276 3473 429 3569 principi
455 3472 629 3567 peracuti
649 3473 680 3544 si
704 3471 764 3542 alii
792 3470 835 3540 ab
866 3470 945 3547 eliis
966 3472 1020 3544 ita
1041 3471 1187 3559 distant,
1202 3477 1248 3544 ut

162 3791 192 3859 (¹)
209 3790 273 3844 rL'n
295 3792 346 3841 etat
367 3782 556 3852 monarchique
574 3787 628 3838 doit
643 3788 698 3838 etro
716 3782 794 3837 d’uue
810 3786 941 3850 grandaur
958 3781 1104 3851 medicetur
1123 3786 1164 3838 s’il
1183 3779 1245 3845 tuit

134 3877 203 3940 petit,
215 3874 234 3925 il
247 3888 275 3924 se
287 3870 420 3922 formerait
431 3884 464 3918 en
476 3867 637 3934 republique.
649 3881 662 3916 r
673 3867 752 3930 (VIII,
765 3863 817 3929 17.)
1218 3912 1220 3917 ,

161 3956 191 4020 (¹)
207 3955 271 4005 «Un
283 3952 364 4016 grand
381 3950 479 4013 empire
496 3962 606 4011 suppose
616 3962 666 3999 une
681 3941 793 3998 autorlte
806 3945 955 4011 despotique
971 3940 1036 3998 dans
1047 3946 1116 4000 celui
1129 3948 1174 4014 qui
1186 3963 1245 4017 geu*

132 4051 215 4087 verne.
227 4050 240 4082 r
252 4031 331 4096 (Vlll,
340 4031 392 4096 lli.)
1099 4082 1103 4089 ,

161 4116 193 4180 (⁸)
210 4115 254 4166 «ΙΙ
270 4114 323 4165 suit
338 4127 388 4177 que
405 4126 470 4175 pour
483 4124 621 4162 conserver
634 4111 659 4161 le
670 4109 787 4174 principe
798 4108 832 4160 du
843 4107 1144 4174 gourernementitshli,
1158 4108 1245 4162 ilinut

133 4195 274 4248 maintenir
285 4180 360 4244 l'l‘ltat
370 4194 436 4243 daus
449 4193 475 4243 la
486 4193 617 4255 grandeur
628 4191 690 4255 qu’il
703 4191 769 4240 avait
780 4188 868 4253 ‹tejas›
882 4184 958 4252 (VIII,
968 4190 1019 4253 20.)
