2782 4950
614 327 771 390 ..58-

18 490 21 495 ·
134 461 261 553 igitur,
276 481 383 554 quem
394 461 431 531 in
447 462 492 532 iis
507 461 772 533 conditionibus
786 460 939 531 scientia
950 458 1115 552 indagari
1129 460 1251 546 debet,

134 598 208 649 non
223 576 329 649 modo
345 598 419 649 non
437 579 468 648 is
490 579 625 671 estqui
648 598 791 672 semper
812 582 849 648 et
869 576 1000 669 ubique
1011 578 1167 666 existat,
1189 577 1254 649 sed

135 693 244 763 etiam
275 693 420 765 evenire
451 700 572 789 potest
587 701 645 766 ‘ut
678 715 863 787 nunquam
895 694 1088 765 exstiterit.
1122 694 1253 786 ltaque

134 809 253 899 leges,
275 831 366 901 quae
396 832 479 882 eum
505 812 679 895 referunt,
709 811 863 881 idealem
888 809 1077 903 quamdam
1101 809 1254 880 formam

134 924 339 996 necessario
361 925 513 1012 habeon
536 949 619 998 nom
643 947 763 998 rerum
782 910 1027 997 connexiones
1044 926 1254 1018 exprimunt

133 1061 207 1137 non
235 1042 359 1134 quales
389 1049 488 1130 sunt,
514 1042 578 1114 sed
606 1044 731 1136 quales
759 1063 839 1114 esse
867 1041 1012 1114 debent.
1034 1041 1117 1112 Nori
1143 1043 1253 1114 rebus

132 1156 271 1242 insunt,
297 1163 339 1228 ut
365 1165 510 1231 ceterae
539 1165 690 1230 naturae
716 1159 831 1251 leges.
859 1163 922 1228 aut
945 1158 1066 1252 potius
1093 1179 1253 1230 nonrres

133 1273 233 1365 ipsae
253 1280 340 1345 sunt
350 1280 535 1367 ¹quatenus
558 1274 624 1346 sub
646 1280 745 1347 certo
763 1273 918 1367 quodam
933 1274 1109 1367 adspectu
1131 1275 1252 1346 consi-

133 1387 317 1478 derentur,
340 1391 405 1462 sed
431 1412 493 1462 eas
520 1412 566 1462 ex
592 1391 664 1461 alto
693 1391 794 1483 quasi
824 1390 1066 1480 dominantur,
1085 1392 1252 1483 quamvis

135 1527 222 1578 suae
244 1506 452 1578 auctoritati
481 1528 553 1578 non
579 1501 723 1599 semper
744 1527 812 1578 nec
835 1506 1041 1605 necessario
1068 1506 1258 1601 obtempe-

59 1687 61 1690 .
133 1629 244 1694 retur.

177 1737 231 1807 Ea
256 1739 316 1808 uia
342 1745 399 1810 est
427 1761 497 1832 qna
526 1740 756 1812 Secundotus
788 1738 833 1809 ad
865 1738 1049 1831 antiquam
1081 1738 1252 1832 politicae
1276 1737 1280 1752 '

135 1854 308 1926 scientiae
336 1856 609 1950 conceptionem
636 1877 699 1949 pro
727 1862 828 1949 parte
854 1855 1064 1938 revertitur3
1094 1855 1158 1925 sed
1186 1877 1252 1948 pro

134 1965 237 2064 parte
264 1976 418 2042 tantum.
448 1971 542 2043 Sane
566 1970 638 2042 huc
659 1977 698 2042 et
721 1971 806 2042 illuc
828 1971 865 2040 in
889 1991 931 2041 eo
958 1975 1075 2040 estut
1098 1975 1251 2043 naturae

133 2087 238 2179 leges
254 2108 336 2159 cum
352 2089 568 2184 praeceptis,
587 2110 678 2182 quae
694 2088 779 2181 quid
795 2086 999 2159 faciendum
1018 2086 1067 2157 sit
1087 2084 1249 2160 edicunt

1 2210 4 2217 ’
134 2202 342 2274 confundat.
366 2202 438 2274 Sed
468 2204 592 2296 procul
621 2203 724 2274 abest
748 2203 847 2296 quin,
868 2202 1067 2302 priscorum
1082 2199 1252 2295 philoso-

133 2319 286 2411 phorum
310 2319 437 2404 instar,
462 2325 641 2402 naturam,
668 2319 783 2411 qualis
807 2323 876 2402 est,
903 2318 1047 2412 omittat
1073 2322 1115 2387 ut
1144 2317 1252 2388 aliam

111 2500 114 2509 ,
134 2434 313 2505 instituat.
332 2433 484 2529 Nempe,
503 2455 708 2527 quanquam
723 2435 862 2505 nullum
877 2439 1016 2506 certum
1033 2432 1251 2527 principium

134 2573 177 2623 ea
189 2550 232 2621 de
249 2573 287 2622 re
305 2552 446 2636 statuit,
462 2557 591 2645 sponte
604 2557 726 2623 tamen
741 2551 920 2624 intellexit
942 2550 981 2620 in
997 2549 1086 2635 raris
1105 2554 1257 2621 tantum

134 2666 428 2760 casibusaliquid
452 2668 657 2751 universale
679 2687 760 2739 esse
789 2688 896 2760 posse
921 2665 1016 2759 quod
1043 2686 1116 2736 non
1142 2666 1253 2766 simul

134 2804 263 2853 sanum
287 2783 524 2874 strationem
553 2784 614 2856 sit.
638 2782 764 2875 ltaque
794 2783 1007 2855 societatum
1031 2782 1193 2876 species,
1207 2790 1251 2855 ut

133 2898 303 2982 vidimus,
333 2918 380 2970 ex
407 2897 557 2971 historia
585 2898 787 2970 describere
813 2903 851 2969 et
876 2898 1055 2991 explicare
1076 2899 1246 2983 tentavit,

133 3036 266 3107 easque
291 3021 433 3101 tantum
457 3016 770 3107 corrigereausus
794 3021 851 3087 est
875 3037 958 3086 cum
980 3017 1019 3086 in
1041 3016 1086 3086 iis
1105 3017 1249 3110 aliquid

133 3132 306 3224 reperiret
336 3132 432 3225 quod
463 3153 546 3202 cum
577 3132 783 3203 eorumdem
821 3132 992 3218 essentia,
1007 3218 1009 3222 Ι
1026 3132 1168 3225 qualem
1186 3154 1249 3224 x,eu

132 3267 253 3318 rerum
280 3245 530 3319 observatione
558 3247 799 3336 concluserat,
828 3236 1029 3339 congruere
1060 3269 1133 3318 non
1150 3249 1249 3346 arbi-

133 3363 305 3435 trabatur.
325 3364 388 3433 Sin
411 3364 526 3455 igitur
554 3362 648 3457 apud
676 3349 922 3434 Secundatum
949 3364 1044 3454 legis
1072 3365 1248 3446 naturalis

132 3478 231 3549 notio
254 3499 327 3551 uon
344 3478 388 3548 ad
408 3484 522 3550 totam
544 3466 726 3574 politicam
747 3479 871 3562 vitam,
889 3485 986 3550 certe
1011 3478 1056 3549 ad
1076 3480 1249 3572 majorem

132 3594 241 3686 hujus
267 3601 407 3687 partem
433 3617 514 3666 sese
545 3595 720 3691 extendit.
748 3595 786 3665 Si
810 3593 910 3664 dubii
931 3594 1064 3686 aliquid
1083 3602 1133 3668 et
1159 3597 1247 3688 vagi

135 3709 253 3780 adhuc
272 3711 406 3782 retinet
428 3732 473 3782 ex
489 3712 643 3802 antiqua
662 3711 749 3781 artis
771 3716 808 3781 et
828 3710 1001 3783 scientiae
1023 3711 1245 3798 confusione,

128 3823 201 3897 'hoc
216 3825 397 3918 interdurn
413 3832 556 3906 tantum
572 3827 800 3898 manifestum
816 3833 977 3919 apparet.
1014 3917 1018 3922 Δ
1137 3868 1140 3873 ·
1176 3893 1180 3902 ,
