2782 4950
600 305 758 367 ..69-

121 456 193 508 ese
210 437 291 531 ipsa
305 444 489 509 nascetur.
506 437 600 509 Eum
620 439 729 511 latuit
743 445 944 533 perpetuus
965 440 1025 511 ille
1045 462 1239 535 processus

119 553 255 646 inquo
293 554 461 640 societas,
501 554 665 648 quamvis
702 555 769 625 sibi
800 555 872 648 ipsi
904 576 1047 649 semper
1080 563 1239 643 constet,

119 673 241 738 tamen
257 688 393 739 novum
410 669 544 762 aliquid
560 671 732 742 continuo
751 672 886 742 evadit.

163 781 252 854 Inde
284 790 407 856 autern
432 785 567 877 aliquid
595 786 778 872 singulare
806 786 844 855 in
870 794 1048 879 usurpata
1068 786 1239 859 methodo

121 905 287 971 secutum
304 907 374 972 cst.

165 1015 259 1086 Sunt
282 1017 379 1088 enim
401 1016 471 1088 duo
501 1016 747 1088 conditionum
774 1039 913 1109 genera
943 1040 1034 1110 quae
1058 1019 1241 1111 politicam

120 1131 232 1201 vitam
262 1137 424 1203 movent.
456 1133 560 1204 Aliae
592 1134 630 1203 in
664 1133 917 1227 praesentibus
956 1133 1241 1205 circumstantiis

114 1247 252 1338 jacent,
276 1253 320 1318 ut
340 1253 471 1320 natura
499 1250 578 1333 soli,
609 1249 744 1319 civium
770 1270 935 1334 numero,
965 1255 1059 1334 etc.;
1088 1249 1178 1319 aliae
1202 1249 1241 1317 in

119 1361 316 1452 praeterita
337 1360 490 1433 historia
526 1370 730 1435 versantur.
755 1362 902 1435 Etenim
939 1361 1241 1457 quemadmodum

119 1497 209 1569 puer
242 1477 360 1569 quivis
391 1478 484 1549 alius
512 1485 611 1550 esset
638 1480 669 1548 si
699 1479 789 1550 alios
820 1478 1011 1552 habuisset
1037 1478 1238 1570 genitores,

121 1593 278 1664 societas
301 1593 452 1665 aliaest
475 1594 673 1665 secundum
704 1594 921 1665 societatum
945 1593 1241 1666 antecedentium

120 1709 280 1779 formam.
301 1708 340 1779 Si
354 1709 582 1782 inferioribus
598 1709 741 1802 populis
757 1710 934 1796 succedit,
955 1732 1029 1781 non
1047 1709 1142 1781 idem
1159 1730 1240 1780 esse

121 1828 243 1916 potest
265 1830 372 1918 atquc
396 1824 427 1895 si
451 1846 470 1896 e
487 1826 674 1920 perpolitis
690 1824 898 1896 nationibus
914 1831 994 1896 orta
1015 1831 1084 1897 est.
1105 1825 1242 1895 Secun-

122 1939 226 2010 datus
244 1945 378 2026 autem,
396 1946 588 2034 propterea
608 1940 704 2034 quod
728 1938 824 2012 hanc
852 1941 1070 2014 societatum
1095 1959 1241 2011 succes·

123 2055 261 2127 sionem
281 2061 319 2127 ct
339 2056 596 2147 cognationem
620 2056 780 2148 ignorat,
805 2056 914 2149 hujus
937 2055 1088 2148 generis
1112 2076 1242 2126 causas

123 2171 266 2243 omnino
282 2171 455 2264 negligit.
473 2170 563 2242 Eam
584 2172 658 2241 vim
679 2193 770 2264 quae
789 2172 956 2266 populos,
974 2179 1018 2243 ut
1035 2172 1088 2243 ita
1110 2170 1240 2256 dicam,

122 2307 143 2355 a
171 2291 279 2378 tergo
302 2287 455 2381 impellit
480 2287 627 2357 minime
657 2293 761 2358 curat
789 2294 827 2359 et
855 2287 1072 2359 circumfusa
1099 2292 1242 2357 tantum

122 2403 282 2496 respicit.
307 2401 400 2476 Cum
423 2403 576 2497 alicujus
596 2404 784 2475 societatis
804 2403 992 2475 historiam
1011 2402 1242 2495 interpretari

123 2517 287 2612 suscipit,
312 2539 386 2590 non
409 2519 549 2612 quaerit
573 2540 680 2611 quern
707 2519 829 2591 locum
849 2519 889 2589 in
910 2519 1127 2590 societatum
1149 2516 1242 2588 serie

122 2640 259 2723 teneat,
276 2635 342 2709 sed
361 2641 504 2707 tantum
532 2636 636 2727 quale
663 2634 711 2705 sit
740 2635 869 2720 solum,
904 2656 1012 2729 quam
1036 2633 1141 2705 multi
1170 2632 1243 2704 sint

123 2751 235 2836 cives,
252 2756 323 2823 etc.
339 2750 439 2823 Nihil
454 2751 570 2843 igitur
585 2750 670 2821 huic
691 2749 860 2823 methodo
880 2751 1000 2844 magis
1023 2749 1243 2821 contrarium

124 2872 197 2963 est
216 2886 324 2959 quam
355 2865 482 2940 Oomte
511 2867 696 2940 recentius
731 2865 771 2936 in
810 2865 938 2936 iisdem
969 2864 1243 2958 quaestionibus

122 2982 322 3055 tractandis
339 2990 488 3055 secutus
505 2988 574 3055 est.
590 2981 718 3055 Comte
735 2982 831 3054 enim
845 2982 1060 3054 societatum
1073 2987 1242 3052 naturam

124 3120 168 3170 ex
184 3099 358 3194 temporis
374 3105 570 3184 moment0,
593 3096 662 3192 quo
679 3104 934 3191 apparuerunt,
953 3104 1067 3170 totam
1080 3097 1240 3191 pendere

125 3214 308 3288 existimat
325 3216 584 3310 scientiamque
608 3214 792 3309 politicam
808 3235 923 3306 paene
948 3214 1133 3305 integram
1158 3232 1243 3285 con·
1283 3267 1287 3275 .

125 3329 253 3401 sistere
270 3328 308 3401 in
326 3331 542 3403 societatum
558 3330 650 3402 serie
668 3327 934 3400 constituenda.
953 3325 1098 3401 Addere
1118 3331 1242 3399 autem

125 3466 391 3538 supervacuum
413 3452 470 3519 est
492 3453 646 3540 utraque
668 3444 832 3517 doctrina
851 3464 962 3517 unam
984 3449 1130 3518 tantum
1150 3441 1242 3515 ueri-

124 3561 211 3633 tatis
226 3568 365 3656 partem
384 3562 547 3656 exprimi.
