2782 4950
611 365 770 428 ..15-

130 502 237 572 nobis
270 501 468 575 offerebant
503 525 594 596 quae
621 504 690 575 toti
718 502 875 574 humano
902 503 1029 595 generi
1053 501 1247 574 convenire

134 619 295 690 deberet.
313 619 431 689 Unam
448 620 606 691 civitatis
621 620 782 705 formam,
800 642 909 690 unam
932 641 1070 690 morum
1085 618 1249 713 jurisque

134 735 362 828 disciplinam
393 758 474 807 esse
504 735 734 808 confidebant
758 758 848 829 quae
878 736 1036 808 omnium
1064 735 1249 806 hominum

134 858 285 924 naturae
313 840 550 946 congrueret;
578 860 717 926 ceteras
747 860 880 940 autem,
912 875 1003 946 quae
1034 855 1072 923 in
1100 852 1251 924 historia

135 975 343 1055 occurrunt,
361 991 491 1062 pravas
508 976 571 1042 aut
588 971 717 1042 saltem
733 970 962 1064 imperfectas
979 992 1062 1043 esse
1080 977 1118 1041 et
1135 990 1250 1063 popu·

133 1087 251 1157 lorum
263 1086 442 1186 imperitia
452 1093 595 1158 tantum
605 1088 803 1159 exstitisse.
815 1088 875 1159 Nil
887 1106 974 1160 vero
987 1089 1128 1159 mirum.
1142 1086 1247 1172 Nam,

135 1224 218 1274 cum
245 1202 288 1272 ab
314 1201 465 1273 historia
494 1202 617 1274 oculos
645 1208 864 1289 averterent,
893 1225 966 1274 non
990 1204 1124 1276 sentire
1149 1209 1249 1297 pote·

133 1324 216 1419 rant
248 1317 431 1389 hominem
459 1339 533 1389 non
566 1339 708 1412 semper
742 1325 780 1390 et
805 1319 938 1413 ubique
965 1317 1131 1391 eumdem
1153 1340 1248 1405 esse,

135 1434 200 1504 sed
221 1439 348 1506 contra
370 1434 537 1506 mobilem
556 1440 594 1506 et
616 1435 768 1520 varium,
792 1456 939 1523 eamque
960 1435 1075 1527 igitur
1097 1457 1250 1521 morum,

133 1551 271 1642 legum,
290 1549 540 1623 institutorum
556 1551 804 1623 diversitatem
823 1552 861 1622 in
885 1573 1004 1623 rerum
1024 1557 1154 1623 natura
1174 1553 1252 1622 fun·

135 1665 267 1737 datam.
298 1665 434 1740 contra
463 1667 693 1740 Secundatus
728 1669 825 1739 vitae
854 1668 1002 1760 regulas
1034 1690 1116 1740 cum
1151 1669 1250 1739 vitae

136 1783 403 1856 conditionibus
434 1784 626 1856 mutabiles
658 1806 740 1856 esse
769 1785 956 1878 intelligit.
987 1784 1081 1857 Cum
1108 1786 1144 1854 in
1173 1785 1251 1855 suis

135 1900 479 1992 investigationibus
497 1900 660 1973 diversae
674 1902 890 1973 societatum
907 1901 1047 1996 speeies
1069 1903 1101 1973 ci
1125 1903 1251 1973 obver-

136 2024 303 2089 sarentur
317 2039 408 2110 quae
426 2039 540 2111 aeque
556 2020 678 2111 justae
696 2025 832 2104 essent,
851 2040 896 2091 ne
910 2018 1034 2090 venire
1053 2018 1196 2112 quidem
1212 2019 1251 2090 in

136 2139 295 2205 mentem
316 2135 349 2206 ei
372 2140 514 2228 poterat
547 2142 752 2230 praecepta,
786 2156 877 2227 quae
910 2135 1075 2205 omnibus
1106 2135 1250 2231 populis

136 2251 312 2334 valerent,
331 2249 490 2336 edicere;
505 2250 570 2322 sed
585 2251 711 2323 eadem
726 2251 890 2344 propriae
908 2252 1085 2345 cujusque
1102 2251 1249 2342 generis

136 2374 285 2439 naturae
317 2367 575 2440 accommodat.
613 2368 717 2452 Quod
745 2368 973 2440 monarchiae
1005 2367 1249 2462 appetendum

137 2491 205 2574 est,
226 2484 322 2556 idem
340 2484 577 2557 democratiae
593 2484 825 2578 fugiendum3
842 2507 961 2580 neque
974 2491 1095 2557 tamen
1111 2507 1251 2557 monar-

137 2601 230 2686 chia,
248 2608 312 2673 aut
328 2608 454 2673 contra
467 2601 697 2687 democratia,
713 2623 778 2696 per
794 2624 833 2674 so
847 2608 986 2675 tantam
997 2603 1250 2675 excellentiam

135 2717 246 2791 habet
260 2723 303 2791 ut
318 2718 483 2790 omnibus
505 2719 712 2791 civitatibus
732 2718 986 2814 anteponenda
1007 2720 1055 2790 sit
1074 2719 1132 2814 (¹).
1161 2719 1245 2799 Sed,

137 2858 181 2909 ex
208 2836 382 2930 temporis
412 2835 553 2927 locique
582 2836 861 2920 conditionibus,
888 2836 993 2908 modo
1016 2835 1119 2922 haec,
1142 2835 1248 2907 modo

136 2953 195 3024 illa
210 2951 427 3047 reipublicae
443 2953 557 3024 forma
572 2953 744 3024 convenit
757 2954 812 3046 (2).
830 2952 1057 3024 Secundatus
1070 2974 1158 3045 argo
1175 2973 1248 3026 non
1350 2940 1368 2967 ‘

136 3069 224 3142 adeo
244 3070 450 3142 incuriosus
469 3076 526 3141 est
550 3069 593 3140 de
616 3090 736 3140 rerum
762 3091 850 3160 quas
872 3069 1042 3141 describit
1071 3070 1246 3156 utilitate;

136 3208 197 3258 eas
218 3193 341 3259 autem
365 3187 595 3279 quaestiones
617 3186 686 3257 alia
709 3186 847 3258 ratione
870 3208 977 3278 qnam
999 3208 1090 3279 quae
1112 3194 1189 3258 erat
1211 3188 1250 3257 in

135 3325 205 3376 usu
221 3309 367 3376 tractat.
385 3303 468 3375 Non
485 3304 603 3375 omnia
620 3302 820 3396 quaefacta
836 3302 1070 3389 suntlaudat‚
1086 3303 1248 3396 sedquid

135 3421 270 3493 bonum
295 3420 355 3507 sit,
380 3421 465 3515 quid
487 3441 572 3506 non,
600 3442 620 3492 e
646 3421 780 3492 normis
804 3420 967 3492 decernit
987 3442 1075 3512 quas
1097 3441 1116 3491 e
1140 3419 1248 3491 rebus

135 3538 224 3630 ipsis
249 3537 361 3608 traxit
380 3559 557 3632 quaeque,
585 3537 627 3609 ob
651 3558 729 3610 eam
757 3558 915 3624 causam,
942 3557 1063 3608 rerum
1081 3537 1246 3610 varietat'

136 3652 369 3750 respondent.

164 3892 195 3957 (¹)
213 3891 257 3942 ull
268 3895 331 3942 rant
342 3891 430 3940 mieux
441 3888 496 3940 dire
508 3904 559 3954 que
570 3889 595 3940 le
611 3892 816 3954 gouveruement
827 3887 852 3938 le
865 3887 924 3953 plus
940 3888 1073 3940 conforme
1090 3886 1104 3938 1
1120 3889 1145 3938 la
1160 3891 1252 3940 nature

134 3980 173 4026 est
184 3973 254 4024 celui
266 3973 330 4023 dont
341 3971 365 4021 la
377 3970 529 4034 disposition
540 3970 707 4034 particuliere
718 3984 746 4020 sc
757 3973 878 4036 rapporte
889 3968 977 4021 mieux
988 3968 1003 4019 a
1015 3968 1040 4019 la
1050 3968 1202 4034 disposition
1214 3970 1249 4020 du

132 4054 230 4118 peuple
242 4066 310 4117 pour
320 4048 408 4116 lequel
420 4051 438 4100 il
450 4055 489 4101 est
498 4050 586 4102 etabli.
597 4068 609 4101 1
623 4051 653 4114 (Ι,
665 4049 702 4115 3.)

164 4136 195 4199 (ἱ)
211 4133 323 4186 Miratur
338 4147 400 4182 sane
416 4131 594 4182 Monarchiam
609 4134 745 4197 propterea
756 4130 826 4196 quod
842 4131 870 4181 in
888 4130 944 4196 ejus
963 4129 1151 4194 compositione
1166 4129 1250 4180 multo

132 4216 262 4280 majorem
279 4217 362 4264 artem
381 4211 491 4276 invenit3
509 4218 535 4264 at
553 4228 607 4263 non
622 4212 681 4265 ideo
701 4201 829 4264 existimat
845 4226 902 4263 eam
918 4226 965 4276 per
980 4226 1008 4262 se
1024 4210 1149 4274 optimam
1166 4209 1252 4274 reipu-

131 4293 216 4349 blicae
234 4296 350 4347 formam
366 4308 422 4344 esse
434 4309 440 4344 :
453 4298 550 4355 contra,
567 4293 589 4344 si
605 4295 671 4345 forte
687 4295 714 4344 in
731 4292 834 4344 civitate
851 4308 917 4357 quae
932 4302 1028 4355 paucos
1044 4292 1112 4342 cives
1130 4296 1252 4343 numerat

132 4375 293 4441 instituatur,
307 4376 452 4442 perituram
463 4376 621 4427 societatem.
