2782 4950
623 340 781 404 ..50-

143 475 216 546 tiae
233 470 514 562 accommodare,
537 473 620 565 quia
632 473 878 566 experimenta
890 474 928 545 in
940 475 1173 546 societatibus
1187 482 1258 548 ten·

142 591 211 663 tari
239 596 439 689 nequeunt.
457 589 526 661 Est
550 595 673 666 tamen
695 589 838 683 obliqua
871 593 930 661 via
961 613 1031 684 qua
1063 592 1274 666 difficultas*

143 713 397 801 exsuperatur.
417 707 557 778 Etenim
575 707 619 777 ad
634 714 783 777 naturae
799 709 901 798 leges
916 708 1144 802 reperiendas
1165 709 1256 781 nihil

141 824 238 895 aliud
258 824 502 895 necessarium
518 830 576 895 est
592 846 699 917 quam
715 825 803 897 satis
819 826 952 925 multas
970 828 1257 919 comparationes

139 942 233 1013 inter
249 941 367 1010 varias
386 940 548 1033 ejusdem
561 937 617 1011 rei
628 936 769 1011 formas
776 932 918 1012 institui
932 963 1051 1035 posse.
1068 941 1146 1014 Hac
1160 945 1256 1016 enim

141 1063 217 1128 arte
259 1062 467 1128 constantes
503 1056 743 1149 immotaeque
788 1058 1042 1143 connexiones,
1077 1081 1168 1152 quas
1200 1061 1257 1132 lex

140 1171 321 1265 exprimit,
339 1194 359 1242 a
375 1168 519 1262 ceteris,
548 1170 585 1242 id
609 1175 666 1242 est
686 1170 854 1264 fugitivis
875 1170 1118 1267 fortuitisque,
1134 1191 1256 1247 'secer-

138 1292 282 1358 nentur.
301 1287 428 1380 Itaque
444 1283 522 1358 tota
537 1287 893 1380 experimentationis
910 1289 965 1358 vis
984 1291 1023 1359 in
1046 1311 1088 1360 eo
1112 1297 1255 1363 tantum

139 1404 307 1475 consist‘t
321 1409 365 1474 ut
380 1425 438 1474 res
453 1403 527 1474 fere
553 1403 598 1472 ad
624 1402 765 1474 libitum
781 1404 897 1476 variet
910 1410 1016 1497 atque
1033 1406 1085 1476 ita
1101 1409 1255 1498 amplam

137 1519 357 1613 uberemque
374 1518 630 1610 comparationi
646 1520 831 1590 materiam
847 1520 1028 1611 praebeat.
1042 1523 1091 1593 At
1107 1523 1158 1593 nil
1175 1524 1257 1594 obs·

137 1642 191 1709 tat
224 1636 311 1729 quin
341 1635 459 1706 civilia
493 1634 655 1727 ejusdem
689 1636 834 1725 generis
870 1636 979 1722 fecta,
1014 1639 1131 1730 qualia
1158 1641 1254 1731 apud

139 1755 257 1824 varias
286 1753 479 1824 societates
507 1758 713 1836 occurrunt,
742 1772 990 1845 comparemus
1018 1760 1126 1847 atque
1152 1761 1257 1829 note-

138 1889 218 1940 mus
235 1888 328 1964 quae
344 1869 468 1941 eorum
484 1868 616 1962 ubique
633 1872 775 1952 coeant,
790 1888 882 1961 quae
896 1868 1003 1939 simul
1017 1880 1253 1958 evanescant,

140 2004 231 2078 quae
245 1982 372 2055 eodem
386 1987 544 2077 tempore
557 1988 595 2053 et
607 1966 807 2054 secundum
820 1984 984 2054 eamdem
995 1984 1171 2058 rationem
1182 2008 1256 2058 mu·

140 2106 277 2173 tantur.
294 2101 369 2172 Eae
384 2100 499 2192 igitur
511 2098 1029 2194 comparationes,.quonquam
1039 2101 1107 2174 hoc
1122 2105 1256 2175 incom-

139 2214 236 2288 modi
260 2215 394 2288 habent
415 2222 459 2287 ut
482 2236 556 2287 non
571 2216 621 2286 in
648 2215 828 2287 infinitum
853 2222 1083 2305 renoventur,
1113 2223 1255 2314 experi-

135 2332 366 2404 mentstionis
399 2338 521 2405 tamen
548 2335 671 2426 partes
695 2332 731 2402 in
763 2330 910 2426 politice
939 2335 1092 2407 scientia
1124 2341 1253 2412 tencre

137 2453 304 2543 possunt.
357 2521 359 2525 .

180 2565 393 2659 Quanquam
419 2564 648 2638 Secundatus
670 2565 768 2649 hanc⁴
792 2567 1040 2660 quaestionem
1067 2588 1254 2662 nusquam

135 2682 305 2776 agitavit,
340 2688 461 2755 tamen
493 2681 602 2776 hujus
636 2682 796 2754 methodi
827 2684 1084 2758 necessitatem
1119 2693 1251 2780 sponte

138 2800 264 2871 sensit.
284 2798 429 2870 Etenim
445 2799 544 2870 nullo
566 2797 634 2870 alio
657 2799 841 2893 proposito
867 2804 923 2871 tot
944 2801 1040 2872 facta
1066 2820 1113 2872 ex
1136 2802 1259 2874 varia--

133 2938 215 2988 rum
232 2917 397 3009 gentium
419 2914 572 2987 historia
588 2915 738 3018 collegit
763 2915 833 2986 nisi
860 2922 903 2987 ut
929 2936 970 2987 ea
997 2917 1090 2990 inter
1116 2938 1155 2988 se
1171 2939 1255 2990 con·

133 3034 242 3104 ferret
272 3032 404 3126 illaque
444 3029 634 3102 collatione
673 3031 880 3103 eorumdem
916 3031 1020 3124 leges
1055 3033 1249 3108 inveniret.

135 3149 275 3221 Revera
290 3148 520 3220 manifestum
538 3153 596 3218 est
612 3168 704 3242 opus
718 3152 836 3219 totum
859 3149 896 3217 in
917 3148 1042 3240 legum
1065 3168 1252 3245 compara.

134 3266 232 3338 tione
266 3266 465 3337 consistere
498 3285 602 3357 quas.
627 3264 861 3366 diversissimi
899 3265 1023 3359 populi
1055 3267 1252 3342 observant

134 3405 249 3476 eoque
263 3382 351 3455 libro
368 3387 592 3455 nostervere·
603 3380 672 3453 dici
685 3387 808 3474 potest
818 3379 887 3453 hec
900 3401 1034 3453 norum
1050 3383 1257 3457 studiorum

134 3518 252 3593 genus
273 3499 503 3571 instaurasse
525 3498 620 3592 quod
648 3499 819 3570 hodierna
850 3507 976 3572 nostra
999 3501 1127 3595 lingua
1151 3505 1257 3576 droit-

133 3616 292 3708 cempore
318 3615 563 3710 appellamus>
1081 3611 1084 3620 ’

175 3733 238 3818 At,
257 3730 287 3802 si
304 3731 473 3804 deductio
491 3732 586 3826 apud
602 3732 845 3805 Secundatum
860 3734 1103 3828 experientiae
1120 3737 1248 3824 cessit,

131 3845 244 3918 multo
274 3846 391 3941 majus
424 3849 581 3942 spatium
611 3841 726 3920 adhuc
760 3848 898 3922 obtinet
929 3870 1036 3943 quam
1057 3848 1248 3927 'scientiae

131 3969 261 4034 natura
276 3963 423 4059 patitur.
449 4012 451 4016 »

175 4078 258 4174 Ipse
283 4081 390 4166 enim,
409 4082 484 4175 J'am
511 4083 549 4152 in
574 4104 639 4153 sua
664 4081 895 4174 praefatione,
918 4081 1104 4173 legentem
1123 4092 1257 4158 monet·

133 4220 172 4270 se
187 4197 376 4271 Politicam
392 4219 488 4270 more
506 4200 608 4291 quasi
623 4198 878 4270 mathematico
894 4203 1049 4271 tractare
1065 4197 1254 4290 voluisses

131 4310 167 4383 id
185 4313 433 4408 estprincipio
449 4315 614 4407 posuisse
630 4314 725 4386 unde
742 4314 977 4406 particulares
992 4316 1125 4407 legum·
1136 4305 1249 4391 socle-
