2782 4950
485 771 636 851 CAPUT
660 769 885 861 QUARTUM

214 1034 399 1094 QUATENUS
415 1033 648 1084 roululouuull
665 1035 784 1084 RERUM
808 1035 918 1086 Lusus
938 1035 1068 1086 CERTAS
1084 1035 1165 1086 ESSE

488 1161 712 1212 SECUNDATUS
728 1162 892 1213 SBNBEBIT

683 1440 700 1512 Ι

178 1667 262 1758 Age
279 1686 381 1751 vero;
407 1686 480 1736 non
501 1664 617 1737 solum
640 1663 834 1736 societates
855 1685 922 1758 per
944 1685 1080 1756 genera
1104 1664 1243 1752 dividit,

132 1783 201 1854 sed
214 1782 361 1876 politica
374 1782 471 1853 facta
493 1802 535 1853 ao
553 1782 766 1876 praesertim
781 1803 824 1854 ea
844 1782 888 1854 de
906 1783 1036 1875 quibus
1052 1783 1245 1878 praecipue

131 1897 427 1991 loquitur,l,eges
445 1897 597 1980 scilicet,
618 1897 779 1969 ordinem
796 1903 934 1970 certum
953 1899 1056 1992 sequi
1072 1899 1248 1970 rationali-

134 2035 206 2106 que
237 2014 353 2106 igitur
378 2012 667 2106 interpretationi
696 2013 825 2085 idonea
845 2034 927 2087 esse
949 2013 1144 2086 existimat.
1168 2013 1247 2087 Hoc

131 2132 208 2220 jam
223 2135 373 2225 apparet
394 2128 510 2201 elibri
537 2129 639 2200 initio
666 2129 728 2199 ubi
753 2131 973 2223 praeclaram
999 2129 1095 2200 illam
1120 2130 1247 2221 legum

134 2246 382 2319 definitionem
419 2245 609 2317 invenies:
640 2243 761 2336 Leges
792 2251 880 2316 sunt
905 2244 1132 2317 necessariae
1163 2267 1246 2317 cou-

133 2360 310 2434 nexiones
334 2383 426 2455 quae
451 2382 497 2432 ex
518 2381 637 2432 rerum
658 2366 787 2434 natura
811 2367 1025 2454 sequuntur.
1048 2359 1127 2432 Hoc
1150 2361 1245 2433 enim

132 2499 209 2549 non
231 2477 336 2549 modo
357 2470 508 2548 naturae
533 2477 649 2569 leges,
672 2476 736 2548 sed
764 2483 802 2549 et
826 2498 888 2549 eas
910 2477 1039 2570 quibus
1068 2477 1245 2551 humanae

135 2588 329 2661 societates
345 2593 526 2681 reguntur
541 2586 826 2680 comprehendit.

183 2704 310 2778 Oomtc
328 2703 473 2795 quidem
489 2702 735 2775 Secundatum
758 2703 969 2775 criminatus
994 2711 1053 2776 est
1077 2705 1180 2798 quasi
1203 2703 1246 2776 ab

137 2821 208 2893 hcc
225 2821 400 2915 principio
416 2825 542 2915 postea
556 2820 607 2891 ita
628 2819 847 2893 declinasset
869 2827 911 2894 ut
937 2821 974 2891 in
990 2842 1109 2892 rerum
1132 2822 1247 2894 multi-

136 2926 277 3022 tudine,
293 2937 438 3030 quaein
453 2936 589 3028 reliquo
605 2956 711 3031 opere
726 2937 1011 3022 accumulantur,
1024 2937 1146 3008 nullus
1161 2938 1246 3010 ordo

136 3053 285 3149 reperiri
319 3053 437 3146 possit
450 3052 506 3145 (¹).
538 3051 639 3124 Haec
674 3060 794 3125 autem
826 3053 1009 3134 accusatio
1040 3077 1062 3125 a
1093 3053 1246 3130 veritate

137 3168 287 3242 recedit.
305 3167 451 3243 Etenim
475 3158 772 3261 quotiescumque
798 3169 842 3242 de
863 3170 947 3262 lege
970 3169 1089 3263 aliqua
1111 3172 1245 3264 agitur,

137 3307 258 3357 cama
282 3285 392 3357 certis
419 3283 685 3356 conditionibus
707 3281 927 3377 pendentem
948 3285 1051 3357 nobis
1073 3287 1244 3359 ostendit.

135 3394 217 3477 Duo
251 3405 338 3472 suut
366 3405 487 3472 autem
515 3398 655 3470 illarum
682 3399 929 3471 conditionum
960 3423 1109 3493 genera.
1144 3401 1247 3474 Aliae

136 3503 430 3588 naturae'rsrum
452 3535 541 3608 quas
563 3515 624 3586 lex
646 3521 789 3609 spectat
811 3513 1001 3589 inhaerent
1008 3539 1017 3601 ;
1039 3517 1190 3602 scilicet,
1217 3514 1248 3589 si

137 3625 184 3702 ad
213 3631 465 3704 commercium
490 3629 660 3725 pertinet,
689 3627 892 3703 commercii
916 3639 1078 3719 naturae,
1110 3633 1247 3706 sivero

138 3747 195 3818 ad
208 3747 433 3838 religionem,
461 3745 660 3839 religionis.
689 3746 759 3818 Est
778 3752 901 3819 autem
928 3748 996 3818 alia
1021 3769 1131 3819 causa
1156 3771 1247 3842 quae

138 3885 242 3934 suam
264 3863 338 3933 vim
360 3863 473 3934 multo
494 3862 603 3933 latius
633 3861 795 3934 extendit
822 3862 1025 3956 ceterisque
1045 3864 1245 3958 praevalet3

121 3968 249 4051 ¹idest
266 3964 399 4050 natura
421 3976 618 4049 societatis.
636 3976 834 4070 Pleraeque
857 3977 952 4050 enim
972 3979 1089 4070 leges
1113 3982 1156 4050 nt
1172 3980 1248 4070 jam

137 4093 308 4179 diximus,
325 4115 399 4167 uon
416 4093 563 4167 eaedem
583 4114 665 4166 esse
680 4099 836 4186 possunt
855 4095 893 4165 in
916 4093 1124 4166 Monarchia
1140 4099 1248 4186 atque

168 4294 199 4359 (¹)
217 4298 301 4350 Cours
313 4297 347 4348 de
357 4292 425 4362 phil.
434 4314 503 4364 poa,
515 4293 623 4364 1V‚181.
