2842 4956
639 361 678 375 ..
697 326 737 388 43
758 361 796 372 -

163 457 242 532 Nec
267 459 413 531 dubium
440 464 497 531 est
526 460 612 553 quin
639 460 768 552 religio
795 460 904 530 iniis
933 442 1167 533 societatibus
1196 478 1274 530 eam

163 577 237 646 vim
257 597 384 647 revera
405 574 548 648 habeat.
570 575 663 647 Nam
685 597 757 648 non
779 575 884 648 modo
907 599 928 647 a
952 575 1125 671 principis
1148 574 1275 645 volun·

163 699 239 766 tate
263 714 335 764 non
358 693 505 786 pendet,
529 694 592 765 sed
615 699 740 764 contra
762 694 941 786 princeps,
969 699 1011 764 ut
1033 697 1158 763 noster
1181 691 1272 762 bene
1315 740 1318 745 >

163 810 417 880 animadvertit
429 810 484 901 (¹),
504 810 546 880 ab
567 831 610 881 ea
628 810 709 904 ipsa
728 810 920 881 immanem
939 831 1041 880 suam
1055 813 1274 902 potestatem

162 926 309 1019 accipit;
328 925 378 996 nil
394 947 482 1017 ergo
499 926 625 995 mirum
642 927 673 996 si
689 926 731 996 ab
748 927 874 998 eadem
891 927 1129 998 contincatur.

208 1042 246 1112 Si
272 1063 358 1112 vero
390 1041 587 1114 Secundati
614 1042 813 1114 doctrinam
839 1042 895 1114 his
923 1043 967 1114 de
993 1041 1100 1114 rebus
1126 1040 1272 1134 penitus

159 1157 364 1250 intelligere
392 1157 497 1242 velis,
525 1163 692 1251 quartum
718 1178 838 1249 genus
864 1143 1041 1252 prioribus
1067 1155 1272 1228 addendum

161 1279 219 1345 est
259 1273 354 1367 quod
401 1278 443 1344 ab
485 1273 742 1367 interpretibus
786 1274 962 1345 immerito
1004 1274 1120 1345 omitti
1163 1274 1267 1345 solet.

159 1387 322 1479 Dignum
354 1394 476 1465 autem
513 1395 571 1461 est
608 1389 703 1482 quod
734 1410 802 1461 nos
835 1395 1006 1474 moretur,
1035 1394 1119 1461 uam
1149 1411 1195 1460 ex
1227 1410 1269 1460 eo

159 1504 368 1576 Monarchia
385 1505 526 1578 exstitit
538 1508 593 1599 (²).
612 1505 758 1578 Scilicet
782 1507 975 1578 societates
999 1505 1270 1599 comprehendit

160 1639 251 1714 quas
275 1623 440 1693 venando
464 1629 527 1693 aut
555 1643 685 1716 pecora
712 1623 893 1716 pascendo
915 1623 1056 1693 vivunt.
1080 1626 1113 1693 A
1138 1625 1269 1695 ceteris

160 1737 256 1808 enim
280 1739 404 1821 multis
421 1744 458 1810 et
477 1738 617 1809 eximiis
633 1738 740 1809 rebus
757 1738 947 1809 differunt:
975 1739 1073 1810 cives
1100 1740 1268 1832 perpauci

158 1857 267 1950 sunt(
281 1857 310 1946 );
326 1859 420 1927 terra
435 1854 603 1927 intereos
620 1876 693 1925 non
707 1854 878 1926 dividitur
889 1854 940 1947 (⁸),
955 1876 1029 1926 non
1043 1854 1187 1947 legibus
1204 1856 1268 1927 sed

157 1969 316 2046 moribus
338 1977 518 2063 reguntur
529 1973 583 2063 (⁵),
605 1993 711 2043 senes
734 1971 828 2064 apud
849 1993 911 2043 eos
932 1973 1123 2042 maximam
1146 1976 1269 2044 aucto·

155 2086 302 2158 ritatem
312 2086 459 2178 habent,
470 2087 535 2159 sed
544 2087 720 2160 libertatis
732 2095 807 2159 tam
816 2087 968 2159 studiosi
981 2093 1117 2160 suntut
1128 2088 1267 2168 nullum

156 2202 285 2274 stabile
299 2203 489 2297 imperium
500 2205 684 2294 patientur
695 2205 747 2298 (⁶).
762 2204 912 2279 Certum
924 2210 981 2276 est
994 2227 1073 2276 eam
1085 2227 1166 2278 esse
1180 2227 1267 2298 gen-

155 2318 468 2418 tiuminferiorum
483 2327 649 2393 naturam
667 2343 769 2414 quae,
788 2322 831 2393 ob
850 2323 943 2393 hanc
963 2343 1119 2407 causam,
1138 2322 1265 2394 Demo·

154 2430 268 2506 cratia
279 2434 424 2507 inferior
438 2436 609 2530 appellari
623 2438 750 2531 possit.
766 2436 844 2512 Hoc
861 2446 982 2514 autem
993 2459 1113 2533 genus
1125 2440 1163 2511 iu
1176 2443 1264 2510 duas

152 2551 348 2623 varietates
373 2552 600 2624 Secundatus
623 2554 760 2626 dividit.
785 2555 878 2628 Cum
901 2577 966 2649 per
989 2579 1119 2651 parvas
1140 2557 1265 2650 hujus-

151 2666 249 2736 modi
264 2668 429 2740 nationes
449 2669 613 2742 homines
633 2678 846 2764 separantur
862 2694 953 2765 quae
970 2674 1069 2743 nulla
1089 2674 1262 2745 societate

150 2783 246 2854 inter
268 2805 307 2855 se
324 2786 607 2878 conjunguntur,
628 2787 721 2858 feras
742 2794 875 2879 gentes
893 2789 973 2859 illas
993 2791 1166 2882 appellat;
1185 2790 1263 2860 bar-

150 2898 290 2970 baricas
314 2921 411 2986 vero,
435 2901 465 2972 si
491 2903 529 2972 in
552 2924 661 2973 unam
681 2910 813 2975 coeunt
825 2904 878 2996 (⁷).
896 2905 998 2978 Aliae
1018 2906 1260 2992 venationem,

152 3015 241 3088 aliae
258 3023 445 3112 pastorum
460 3019 573 3090 vitam
588 3021 710 3114 potius
727 3022 862 3092 colunt.

148 3337 262 3402 religion
280 3353 295 3390 a
314 3340 519 3392 ordinairement
534 3345 590 3391 tant
607 3342 639 3392 ds
653 3341 748 3406 forces,
764 3344 827 3394 c’sat
842 3344 935 3408 qu’elle
951 3343 1034 3393 forme
1051 3357 1103 3394 une
1120 3343 1211 3407 espece
1229 3345 1261 3394 de

148 3418 228 3481 depot
239 3423 265 3468 et
276 3419 308 3469 de
319 3434 504 3484 permanence,
516 3426 550 3486 et,
562 3421 585 3471 si
595 3435 625 3472 ce
641 3423 707 3473 n’est
722 3436 767 3486 pas
783 3423 808 3473 la
820 3422 942 3488 religion,
953 3437 983 3474 ce
999 3427 1058 3474 sont
1072 3424 1111 3473 les
1125 3430 1261 3474 coutumes

148 3499 229 3562 qu'ou
240 3515 256 3564 y
266 3501 360 3551 venere
373 3516 405 3552 au
418 3502 471 3552 lieu
483 3502 515 3552 de
527 3501 584 3552 lois.
597 3518 611 3549 »
622 3501 665 3566 (ΙΙ,
677 3502 714 3568 4.)

179 3581 210 3642 (¹)
227 3581 317 3631 «Dans
335 3582 373 3632 les
391 3584 504 3647 empireo
523 3583 714 3648 mahometans,
732 3585 795 3636 c’est
810 3585 842 3635 de
856 3585 882 3635 la
896 3585 1007 3650 religion
1023 3599 1074 3650 que
1094 3585 1132 3636 les
1152 3588 1260 3652 peuples

146 3659 228 3709 tireut
239 3675 272 3710 en
283 3661 366 3724 partie
375 3661 401 3712 le
412 3668 514 3727 respect
525 3663 651 3714 &tenuant
661 3663 738 3728 qu’ils
748 3669 793 3714 out
804 3679 870 3729 pour
880 3665 904 3715 le
916 3666 1013 3729 prinae.
1023 3679 1036 3714 r
1048 3665 1088 3729 (V,
1100 3665 1151 3729 11.)

178 3739 210 3802 (¹)
228 3738 268 3802 XI,
278 3739 303 3790 8.

178 3818 208 3882 (⁸)
224 3819 315 3882 XVIII,
326 3821 366 3871 10.

177 3902 209 3964 (⁶)
223 3898 314 3965 XVIII,
325 3899 365 3951 13.

178 3979 210 4042 (Ι)
225 3979 289 4030 Ibid.

177 4059 208 4122 (Ι)
223 4058 313 4123 XVIII,
325 4059 364 4110 11.

176 4139 208 4203 (1)
224 4137 314 4190 XVIII.
340 4138 363 4191 1.
