2782 4950
611 361 769 423 ..28-

135 514 218 564 cum
238 491 374 562 usitato
404 511 515 565 sensu
539 491 701 577 retinuit,
726 493 890 586 quamvis
918 492 1052 585 aliquid
1077 492 1249 584 ambigui·

100 672 103 676 ,
134 609 222 681 tatis
241 609 402 681 haberet.
1150 678 1151 683 ,

178 724 256 798 Hac
274 725 438 799 doctrina
463 745 594 798 novam
615 725 709 818 juris
733 725 997 819 philosophiam
1020 726 1249 798 instauravit.

133 843 289 924 Etenim,
306 863 423 936 usque
441 842 486 913 ad
508 842 576 914 hoc
600 848 759 935 tempus,
777 842 981 936 philosophi
1005 843 1049 914 de
1068 844 1113 914 iis
1131 865 1253 936 quaes·

134 959 294 1032 tionibus
310 959 347 1029 in
379 960 469 1030 duas
496 964 620 1055 partes
646 959 915 1044 scindebantur.
936 959 1008 1030 Alii
1030 961 1092 1052 jus
1120 965 1250 1045 totum,

132 1098 207 1148 non
225 1097 345 1148 rerum
361 1083 489 1148 natura
505 1077 708 1161 fundatum,
724 1077 788 1147 sed
804 1076 990 1148 hominum
1001 1076 1113 1148 libera
1127 1078 1253 1148 volun·

132 1199 209 1266 tate
227 1199 265 1265 et
280 1193 405 1266 nescio
424 1215 495 1286 qua
511 1191 678 1284 originali
698 1192 932 1286 stipulatione
944 1193 1155 1265 institutum
1171 1215 1252 1266 esse

134 1309 324 1381 docebant.
354 1308 427 1380 Alii
454 1308 645 1401 quamdam
667 1309 830 1403 ejusdem
857 1315 998 1403 partem
1015 1347 1061 1364 ·-
1076 1309 1143 1381 sed
1159 1310 1253 1383 hanc

133 1432 277 1498 tantum
292 1467 337 1480 -
358 1424 561 1498 naturalem
592 1447 674 1498 esse
700 1426 975 1512 arbitrabantur,
1004 1426 1147 1500 scilicet
1174 1449 1253 1499 earn

135 1565 225 1635 quae
242 1563 288 1613 ex
306 1541 503 1614 universali
515 1542 672 1612 hominis
688 1542 835 1613 notione
853 1542 982 1612 deduci
998 1548 1152 1636 poterat.
1169 1543 1254 1615 Sola

135 1659 231 1731 enim
250 1659 406 1729 hominis
422 1658 553 1754 privati
570 1665 700 1730 natura
715 1661 767 1731 ita
782 1660 931 1733 definita
952 1667 990 1732 et
1008 1660 1148 1732 stabilis
1170 1681 1252 1732 esse

133 1776 324 1859 videbatur
353 1782 395 1848 ut
420 1775 562 1846 firmum
594 1777 667 1869 juri
699 1777 974 1850 fundamentum
1002 1799 1084 1850 esse
1112 1785 1250 1872 posset.

132 1895 166 1965 A
183 1893 360 1987 prioribus
382 1892 497 1984 igitur
520 1894 745 1988 philosophis
774 1916 846 1966 non
871 1895 959 1966 adeo
982 1895 1044 1966 isti
1067 1894 1254 1967 dissentie-

134 2011 239 2095 bant;
262 2031 358 2095 nam,
385 2031 469 2081 cum
492 2030 631 2081 summa
653 2016 797 2082 tantum
820 2018 857 2084 et
877 2031 1058 2105 perpauca
1077 2011 1253 2106 principia

134 2126 179 2197 ad
211 2148 288 2197 eam
320 2126 500 2218 originem
525 2127 649 2199 reduci
675 2133 822 2220 queant,
858 2128 963 2220 leges
1001 2127 1250 2222 particulares,

138 2265 228 2338 quae
245 2243 461 2338 populorum
477 2244 622 2320 codices
644 2243 807 2338 implent,
834 2244 991 2315 humana
1012 2243 1253 2315 manufactas

135 2367 172 2433 et
186 2360 258 2453 ipsi
279 2360 472 2434 habebant.
498 2359 592 2431 Sane
614 2359 786 2433 Hobbaeo
808 2360 972 2452 aliisque,
995 2359 1055 2452 qui
1071 2360 1252 2432 hominem

134 2478 311 2550 advitam
339 2498 566 2549 communem
593 2477 730 2572 impetu
758 2477 914 2549 naturali
946 2475 1141 2570 impulsum
1169 2498 1251 2550 esse

132 2595 331 2686 negabant,
348 2594 643 2679 adversabantur,
662 2595 740 2681 sed,
759 2594 789 2665 si
805 2615 878 2665 non
893 2593 1105 2665 societatem
1120 2592 1249 2687 ipsam,

134 2716 232 2785 certe
260 2711 449 2785 civitatum
471 2711 603 2783 formas
632 2717 670 2783 et
692 2712 863 2806 pleraque
887 2709 1006 2781 civilia
1034 2709 1208 2782 instituta
1232 2733 1251 2783 e

133 2851 231 2914 mera
260 2828 500 2901 conventione
528 2828 686 2923 pendere
716 2828 988 2900 arbitrabantur.
1022 2827 1252 2899 Secundatus

135 2953 261 3019 contra
290 2967 364 3016 non
392 2945 498 3018 modo
532 2945 723 3036 generales
751 2946 831 3017 illas
857 2944 1018 3036 regulas,
1043 2944 1108 3016 sed
1132 2948 1252 3021 totum

132 3065 252 3156 legum
270 3067 494 3148 contextum,
514 3065 638 3156 quales
660 3063 756 3156 apud
779 3062 940 3134 diversas
967 3066 1102 3152 gentes
1120 3061 1253 3152 rigent

135 3187 198 3253 aut
214 3180 426 3273 viguerunt,
439 3177 642 3251 naturalem
658 3199 739 3254 esse
756 3179 968 3271 profitetur:
988 3198 1049 3249 aas
1066 3182 1190 3248 autem
1206 3198 1252 3248 ex

133 3303 262 3369 natura
279 3295 438 3388 corporis
455 3295 605 3391 politici,
621 3316 695 3366 non
710 3293 865 3367 hominis
882 3293 1036 3367 derivat.
1053 3291 1144 3364 Mire
1156 3293 1252 3364 enim

136 3415 252 3487 sensit
277 3419 445 3485 naturam
475 3413 692 3486 societatum
719 3432 805 3485 non.
819 3404 938 3483 minus
967 3409 1117 3481 solidam
1141 3415 1251 3503 atque

134 3535 318 3606 immotam
344 3553 425 3604 esse
452 3552 557 3623 quam
582 3530 750 3617 hominis,
779 3550 897 3623 neque
932 3528 1085 3622 populos
1108 3526 1252 3598 facilius

136 3673 242 3744 quam
266 3648 434 3719 animalia
457 3669 503 3719 ex
525 3668 598 3719 una
619 3647 740 3741 specie
765 3646 809 3717 ad
834 3645 939 3717 aliam
965 3643 1106 3715 traduci
1122 3662 1248 3736 posse.

134 3767 231 3839 Nihil
266 3765 381 3856 igitur
415 3764 574 3858 iniquius
605 3765 655 3835 sit
680 3784 786 3858 quam
822 3762 853 3833 si
890 3760 1137 3833 secundatum
1168 3780 1253 3831 cum

136 3881 361 3955 Machiavelo
406 3901 609 3974 compares,
652 3880 784 3973 quippe
829 3879 889 3971 qui
931 3877 1036 3968 leges
1077 3881 1252 3995 tanquam

134 4000 319 4073 machinas
338 3997 618 4071 consideraverit
635 3997 764 4090 quibus
778 3995 960 4091 principes
976 3994 1021 4064 ad
1037 3992 1180 4065 libitum
1196 3995 1251 4066 uti

134 4117 289 4213 possint.
310 4115 445 4188 Noster
460 4120 587 4186 contra
608 4134 681 4185 non
698 4113 817 4184 minus
834 4110 961 4183 stabile
977 4108 1268 4215 fundamentum

131 4235 203 4328 juri
218 4233 372 4325 subjecit-
385 4254 489 4323 quam
508 4230 657 4303 Grotius
677 4231 828 4323 ejusque
846 4233 1057 4312 sectatores
1077 4225 1140 4297 sed
1157 4247 1252 4298 nova

135 4351 208 4437 illa,
230 4372 336 4443 quam
352 4349 521 4433 diximus,
538 4348 688 4419 ratione.
970 4345 974 4349 ’
1045 4345 1047 4351 ’
