2782 4950
657 327 815 388 ...72-

174 459 463 553 philosophatur.
497 458 570 532 Sed
597 461 636 530 in
667 461 747 553 ipsa
776 461 855 553 ejus
890 459 1054 530 doctrina
1082 461 1200 531 latent
1231 481 1299 532 nec

174 576 317 648 difficile
334 582 392 648 est
408 597 451 648 ea
466 576 674 671 perspicere
693 576 784 647 etin
799 575 920 646 lucem
941 574 1060 647 edere.

219 691 348 776 Qualia
359 712 446 762 vero
460 697 587 763 essent
600 713 710 784 supra
721 691 892 762 vidimus.
906 691 989 762 Non
1000 689 1106 762 modo
1118 691 1299 762 intellexit

173 827 233 878 res
248 805 416 901 politicas
433 805 608 877 scientiae
625 807 814 877 materiam
829 826 923 890 esse,
941 805 1007 876 sed
1024 805 1240 892 cardinales
1257 814 1298 876 nt

174 923 227 993 ita
245 920 375 1005 dicam,
403 921 585 1006 notiones,
615 942 706 1014 quae
732 920 841 1013 hujus
873 920 1047 992 scientiae
1075 921 1298 992 institutioni

175 1037 403 1109 necessariae
423 1043 538 1121 erant,
555 1058 619 1130 pro
636 1042 739 1128 parto
753 1036 958 1109 constitnit.
977 1036 1051 1108 Eae
1067 1042 1190 1109 autem
1206 1035 1297 1108 dnae

175 1158 284 1225 sunt:
303 1153 403 1224 notio
420 1153 569 1244 generis
586 1174 628 1224 ac
646 1152 746 1223 notio
760 1152 870 1244 legis.
949 1179 954 1188 ·

219 1268 352 1339 Earum
367 1268 464 1363 prior
491 1269 528 1338 in
547 1268 743 1339 Secundati
769 1267 858 1339 libro
888 1268 966 1339 sine
994 1266 1101 1338 dubio
1131 1273 1293 1362 apparet.

177 1384 358 1455 Monstrat
372 1383 467 1455 enim
479 1405 553 1455 non
568 1383 673 1455 modo
685 1383 816 1453 summi
827 1384 969 1478 imperii
982 1383 1293 1473 constitutionem,

177 1501 241 1572 sed
256 1507 372 1572 totam
388 1501 532 1572 civilem
553 1501 666 1570 vitam
694 1521 713 1571 e
738 1500 974 1572 societatibus
997 1500 1177 1572 diversam
1198 1520 1295 1584 esse,

177 1617 340 1688 diversas
356 1636 443 1688 vero
473 1616 554 1686 illas
569 1602 701 1687 iormas
715 1637 776 1686 eas
793 1623 916 1688 tamen
937 1637 1019 1687 esso
1037 1637 1129 1709 quae
1145 1615 1243 1689 inter
1258 1637 1297 1688 se

177 1714 331 1803 conferri
349 1738 494 1824 queant.
512 1730 591 1802 Hoc
608 1736 730 1801 autem
745 1730 992 1803 necessarium
1009 1736 1087 1802 erat
1101 1736 1144 1801 ut
1158 1751 1298 1822 genera

178 1868 220 1919 ac
247 1848 390 1942 species
422 1848 755 1938 distinguerentur3
782 1868 867 1917 nem
891 1846 1078 1919 nonsatis
1101 1852 1160 1918 est
1183 1846 1298 1918 socie·

177 1966 273 2032 tates
301 1983 348 2050 ex
372 1984 446 2032 una
474 1969 538 2032 aut
565 1963 677 2034 altera
707 1968 809 2056 parte
841 1962 1014 2055 quasdam
1039 1961 1297 2034 similitudines

178 2078 319 2162 offerre,
335 2076 399 2149 sed
414 2084 530 2148 totam
547 2077 753 2149 earumdem
775 2084 999 2169 structuram
1018 2084 1056 2151 et
1069 2075 1184 2149 vitam
1202 2097 1298 2151 com·

178 2194 296 2287 parari
323 2214 431 2288 posse
454 2199 608 2286 oportet.
635 2193 731 2278 Quin
761 2194 884 2275 etiam,
901 2214 975 2265 non
996 2192 1102 2265 modo
1121 2193 1299 2288 principia

179 2309 314 2402 posuit,
333 2309 398 2381 sed
412 2309 457 2379 iis
472 2309 570 2380 haud
584 2309 776 2381 infeliciter
791 2330 882 2380 usus
899 2315 974 2395 est;
993 2329 1036 2389 ea
1057 2308 1154 2381 enim
1168 2308 1297 2381 divisio

180 2446 287 2517 quam
301 2425 459 2496 tentavit
474 2426 591 2518 ipsam
603 2447 722 2495 rerum
736 2425 951 2497 divisionem
965 2446 1039 2496 non
1051 2425 1130 2496 sine
1142 2424 1299 2519 quadam

177 2542 333 2611 veritate
351 2541 531 2634 exprimit.
553 2539 704 2611 Duobus
727 2539 876 2633 punctis
895 2546 1040 2611 tantum
1060 2548 1203 2635 peccat,
1225 2541 1300 2634 Pri·

178 2675 277 2753 mum
300 2652 390 2724 falso
412 2654 535 2747 posuit
560 2654 692 2725 formas
718 2654 934 2726 societatum
960 2675 979 2726 1
1002 2656 1134 2727 summi
1157 2656 1299 2750 imperii

175 2770 299 2840 formis
324 2771 426 2863 sequi
448 2771 566 2864 iisque
591 2770 732 2843 definiri
759 2791 882 2865 posse.
899 2770 1095 2844 Praeterea
1121 2794 1235 2845 unum
1251 2795 1299 2845 ex

177 2886 375 2977 generibus
403 2908 494 2980 quae
522 2887 730 2979 distinguit,
762 2887 800 2958 id
827 2894 886 2958 est
911 2885 1131 2980 Tyrannida,
1162 2882 1320 2982 aliquid

175 3000 298 3071 vitiosi
331 3023 396 3096 per
427 3024 467 3075 se
498 3001 630 3074 habere
661 3003 778 3088 ducit;
810 3001 906 3096 quod
936 3024 957 3072 a
986 3004 1135 3095 generis
1166 3010 1300 3076 natura

178 3115 359 3187 abhorret.
377 3117 471 3189 Nam
484 3118 680 3212 unicuique
702 3118 831 3212 generi
847 3133 915 3189 sua
929 3119 1103 3212 perfectio
1118 3125 1177 3192 est
1192 3142 1299 3215 quae,

177 3252 242 3324 pro
266 3234 440 3325 temporis
463 3233 605 3327 locique
634 3234 902 3306 conditionibus
932 3234 1062 3327 quibus
1087 3235 1298 3331 respondet,

179 3352 381 3421 ceterorum
397 3349 610 3441 perfectioni
627 3370 743 3442 aequa
757 3356 827 3423 est·
1203 3430 1206 3436 ,
1223 3436 1226 3445 .

221 3459 333 3555 Legis
350 3483 436 3534 vero
452 3463 637 3535 notionem
654 3464 834 3549 difficilius
857 3471 935 3536 erat
955 3486 1002 3537 ex
1017 3465 1097 3542 aliis
1118 3465 1297 3561 scientiis,

177 3579 239 3650 ubi
261 3581 339 3673 jam
364 3580 556 3666 existebat,
581 3582 620 3651 in
653 3589 817 3653 nostram
844 3582 1052 3668 transferre.
1081 3579 1228 3653 Etenim
1260 3581 1300 3667 in

178 3696 275 3776 omni
298 3696 453 3768 scientia
476 3698 624 3790 generis
646 3697 746 3770 notio
762 3698 868 3791 prior
885 3718 1028 3791 semper
1049 3702 1200 3791 apparet
1214 3696 1301 3791 quia

176 3811 337 3882 humana
364 3818 487 3884 mente
518 3813 720 3907 promptius
753 3813 974 3907 concipitur„
997 3811 1090 3906 llam
1119 3811 1210 3884 satis
1241 3818 1302 3885 est

180 3929 304 3999 oculos
320 3929 358 3998 in
373 3949 432 3999 res
449 3930 627 4023 conjicere
650 3937 693 4000 ut
715 3929 891 4023 quaedam
910 3927 1165 4000 similitudines
1181 3933 1221 4009 et
1236 3926 1302 4002 dis·

69 4071 74 4077 ·
178 4043 353 4149 terentiae
372 4043 411 4113 in
433 4044 478 4113 iis
501 4045 847 4118 animadvertantur.
866 4043 1047 4116 Definitae
1068 4049 1193 4116 antem
1215 4042 1300 4115 illae

180 4160 437 4246 connexiones,
449 4183 540 4256 quas
551 4161 656 4254 leges
669 4161 905 4257 appellamus,
920 4159 1004 4253 quia
1015 4179 1135 4232 rerum
1146 4164 1300 4233 naturae

178 4274 364 4368 propiores
387 4283 485 4362 sunt,
501 4269 597 4349 intra
615 4279 749 4363 latent;
770 4278 1015 4349 velamentum
1044 4274 1147 4369 quasi
1171 4275 1218 4347 iis
1242 4272 1301 4376 olr-
