2782 4950
676 305 833 366 ..32-

79 415 81 421 ⁵
202 444 323 510 autem
345 461 388 510 ea
409 438 452 509 de
474 458 511 508 re
533 436 696 508 doctrina
715 438 828 508 multo
849 437 958 508 latius
978 445 1090 532 patet.
1112 440 1206 511 Nam
1227 443 1314 514 haee

200 554 270 625 tria
306 554 495 625 civitatum
531 573 669 645 genera
697 574 770 623 non
799 552 903 624 modo
932 553 1134 649 principum
1165 579 1314 630 numero

200 692 389 765 rerumque
430 670 655 765 publicarum
690 669 998 743 administratione
1032 672 1214 760 differunt,
1253 675 1317 747 sed

198 794 277 860 tota
292 795 432 860 nature.

243 904 322 980 Hoc
332 905 409 997 jam
424 904 573 999 planum
597 905 665 977 erit
684 904 745 974 ubi
765 902 1049 978 intellexerimus
1070 907 1249 999 quomodo
1274 931 1319 982 ea

199 1022 416 1094 distinxerit.
435 1021 592 1107 Etenim,
610 1022 695 1093 dum
710 1021 929 1093 Aristoteles
944 1024 1094 1116 ejusque
1112 1025 1317 1100 imitatores

199 1139 412 1210 divisionem
429 1160 531 1208 suam
548 1160 594 1210 ex
606 1139 787 1209 abstracta
804 1137 964 1210 civitatis
984 1140 1131 1212 notione
1150 1163 1318 1236 sumpse·

197 1261 294 1341 runt,
314 1255 544 1327 Secundatus
561 1261 722 1327 contrae
744 1256 852 1326 rebus
872 1254 975 1348 ipsis.
998 1255 1081 1326 Tria
1100 1257 1161 1328 illa
1181 1280 1318 1350 genera

197 1393 270 1443 non
297 1394 344 1443 ex
372 1370 491 1462 aliquo
519 1369 707 1464 principio,
729 1391 751 1441 e
768 1370 892 1462 priori
912 1371 1043 1464 posito,
1065 1371 1228 1458 deduxit,
1251 1375 1317 1446 sed

197 1487 414 1561 societatum
445 1488 709 1580 comparatione
741 1487 920 1573 formavit,
955 1508 1044 1580 quas
1067 1487 1219 1560 historia
1249 1499 1317 1563 ant

196 1604 510 1701 peregrinatorum
526 1603 772 1689 relationibus
790 1603 972 1675 autetiam
989 1606 1065 1675 suis
1080 1604 1196 1699 ipsius
1210 1628 1316 1700 pere·

196 1721 462 1814 grinationibus
499 1727 735 1813 cognoverat.
772 1718 899 1813 ltaque
944 1721 1135 1794 verborum
1178 1744 1316 1821 sensus

194 1840 308 1911 lateat
336 1838 407 1910 nisi
433 1836 586 1932 primum
614 1858 829 1931 quaeramus
855 1857 946 1931 quae
968 1845 1102 1931 gentes
1126 1838 1176 1910 ibi
1200 1837 1316 1934 signi·

193 1957 361 2028 ficentur.

121 2161 122 2166 Ἰ
237 2070 507 2168 Rempublieam
524 2077 645 2145 autem
661 2069 821 2166 appellat
835 2093 910 2165 non
929 2092 1072 2146 omnem
1092 2069 1311 2150 societatem

195 2210 286 2286 qnae
306 2213 327 2262 a
346 2194 425 2262 toto
445 2191 578 2285 populo
601 2196 665 2262 ant
687 2189 841 2278 quadam
863 2190 986 2283 populi
1011 2197 1115 2285 parte
1140 2189 1314 2266 adminis-

193 2315 322 2391 tretur,
348 2304 413 2379 sed
441 2305 598 2377 Graecas
624 2305 843 2398 italicasque
871 2306 1100 2400 antiquitatis
1124 2308 1310 2399 civitates,

193 2424 324 2518 quibus
340 2422 525 2494 addendae
546 2428 632 2494 sunt
651 2420 811 2515 inclytae
834 2422 916 2494 illae
936 2414 1063 2495 ltaliae
1083 2424 1192 2497 nrbes
1214 2448 1313 2521 quae

191 2541 309 2613 medio
323 2560 412 2611 aevo
424 2537 629 2611 floruerunt
640 2538 696 2632 (¹).
710 2537 855 2610 Priores
870 2555 956 2611 vero
973 2539 1172 2634 principem
1186 2541 1312 2616 locum

191 2665 335 2741 tenent3
373 2657 412 2729 in
444 2662 521 2728 toto
556 2655 660 2741 libro,
700 2646 997 2750 quotiescumque
1031 2657 1075 2728 de
1109 2657 1310 2752 Republica

191 2775 326 2868 agitur,
343 2773 574 2845 manifestum
592 2779 652 2843 est
667 2771 828 2861 Romam,
843 2773 1020 2859 Athenae,
1040 2775 1203 2868 Spartam
1219 2782 1308 2849 ante

191 2891 376 2987 scriptoris
404 2891 529 2962 oculos
549 2889 698 2961 versari.
720 2886 800 2961 Hoc
821 2895 879 2962 est
898 2911 962 2961 cnr
982 2888 1248 2963 Democratiam
1268 2899 1310 2964 et

190 3008 464 3081 Aristocratiam
485 3006 552 3078 sub
577 3006 743 3078 eumdem
763 3004 1215 3101 titulum,Rempublicam
1237 3009 1310 3079 sci·

189 3127 289 3212 licet,
314 3124 491 3218 coegerit.
514 3123 713 3196 Nemeum
735 3122 832 3218 apud
852 3124 933 3194 illas
960 3123 1130 3196 civitates
1148 3146 1220 3195 una
1240 3133 1309 3200 aut

190 3245 303 3317 altera
316 3243 428 3316 forma
443 3242 577 3336 pariter
593 3240 801 3324 occurrerit,
825 3246 889 3311 aut
908 3240 1018 3314 etiam
1038 3241 1108 3311 alia
1128 3240 1188 3311 alii
1207 3243 1307 3336 apnd

189 3359 356 3434 eumdem
384 3358 562 3452 populum
593 3356 825 3442 successerit,
861 3375 936 3428 non
969 3355 1112 3428 omnino
1144 3357 1306 3450 separari

187 3481 368 3573 poterant.
399 3472 637 3549 Barbarorum
669 3479 797 3544 contra
832 3479 978 3565 gentes,
1017 3492 1223 3567 quanquam
1258 3472 1305 3544 ab

102 3618 105 3622 ·
186 3594 368 3667 universis
403 3590 543 3664 civibus
579 3591 789 3686 saepissime
824 3589 1088 3683 gubernantur,
1124 3611 1198 3664 non
1234 3588 1303 3662 sub

187 3711 314 3784 eodem
344 3709 488 3782 nomine
520 3707 720 3794 confundit,
754 3713 797 3778 nt
825 3713 955 3801 postea
984 3707 1200 3793 videbimus,
1232 3728 1304 3780 nec

144 3880 146 3885 ,
187 3827 335 3899 dubium
349 3833 407 3900 est
424 3826 511 3918 quin
523 3824 676 3897 Galliam
691 3830 866 3912 nostram,
890 3824 921 3894 si
939 3824 1089 3895 formam
1110 3845 1217 3918 quem
1234 3825 1304 3896 sibi

185 3944 266 4040 ipsa
279 3942 385 4016 hodie
410 3941 550 4017 dederit
576 3940 826 4037 cognovisset,
850 3960 925 4015 non
945 3940 1041 4015 inter
1063 3940 1303 4038 Respublicas

186 4063 473 4136 adnumerasset·
598 4104 600 4107 ·

213 4314 244 4380 (ι)
260 4313 289 4367 r.
303 4312 335 4380 x,
347 4312 372 4379 a,
382 4319 407 4366 e
418 4305 447 4378 v,
457 4312 481 4365 o.
