2782 4950
627 313 766 373 ..8-

137 447 269 520 forma·
284 445 412 531 utitur,
431 451 468 518 et
487 446 534 518 ad
556 434 679 519 cetera
702 440 1013 518 civiliainstituta
1027 446 1126 519 valet
1142 448 1257 518 omni-

137 592 257 667 noque
286 571 471 643 transferri
501 577 635 666 potest.
667 573 793 658 Immo,
823 594 904 644 cum
931 573 1036 663 leges
1062 572 1107 643 ad
1134 577 1252 645 totam

138 696 280 805 civilem
305 697 418 769 vitam
440 697 665 793 {pertineant
693 719 773 769 eam
799 698 874 801 fere
898 700 1105 791 universam
1127 721 1257 772 neces-

139 820 232 897 sario
249 824 419 916 attingit3
436 844 565 918 nempe
587 830 629 895 ut
649 830 808 918 exponat
831 823 918 917 qnid
941 824 989 896 sit
1015 824 1257 897 domesticum

133 951 208 1043 jus,
229 950 406 1046 quomodo
424 950 529 1042 leges
546 971 628 1020 cum
646 950 836 1041 religione,
847 950 1018 1036 moribus,
1038 956 1122 1041 etc,
1133 952 1258 1025 conci-

137 1080 240 1160 nant,
258 1081 425 1147 naturam
448 1069 615 1160 familiae,
639 1075 840 1167 religionis,
864 1097 1003 1147 morum
1025 1076 1256 1149 considerare

138 1202 296 1296 cogitur,
314 1203 366 1273 ita
387 1207 429 1272 ut
449 1223 534 1273 uere
555 1204 750 1274 tractatum
771 1199 814 1272 de
837 1221 977 1272 summa
998 1222 1116 1271 rernm
1136 1201 1257 1294 politi-

139 1350 263 1400 carum
279 1329 475 1424 scripserit.

183 1453 237 1527 Ne
269 1475 394 1547 speres
422 1460 544 1526 antem
568 1453 666 1523 hunc
696 1452 826 1522 librum
854 1452 1047 1524 sententiis
1073 1452 1258 1524 abundare

140 1601 245 1674 qnae,
278 1587 450 1675 tanquam
477 1580 584 1674 plane
613 1579 860 1650 demonstrata
886 1578 1122 1664 theoremata,
1152 1602 1259 1672 prae-

140 1707 236 1780 senti
254 1707 427 1778 scientiae
443 1707 589 1778 retineri
604 1706 759 1801 possint.
774 1705 826 1775 Eo
840 1705 936 1776 enim
948 1709 1121 1799 tempore,
1137 1707 1260 1777 omnia

140 1856 255 1930 paene
289 1836 531 1907 instrumenta
562 1834 711 1905 deerant
744 1853 835 1926 quae
862 1834 1069 1906 necessaria
1104 1841 1190 1905 sunt
1213 1841 1260 1908 ut

140 1968 306 2035 naturam
323 1961 512 2033 civitatum
528 1961 674 2054 penitus
696 1960 847 2031 scrutari
874 1981 1059 2052 queamus.
1080 1958 1256 2045 Historia,

142 2081 272 2160 adhue
290 2088 422 2172 inians,
452 2087 607 2181 primum
630 2086 836 2158 adolescere
858 2085 1067 2179 incipiebat;
1092 2088 1259 2180 peregri-

140 2210 307 2285 natorum
335 2211 560 2283 narrationes
595 2211 639 2282 de
671 2210 845 2302 gentibus
878 2211 1029 2282 remotis
1059 2231 1257 2304 earumque

139 2334 299 2408 moribus
319 2341 357 2408 et
379 2335 524 2427 legibus
546 2334 751 2406 rarissimae
774 2340 877 2406 erant
903 2340 941 2407 et
964 2336 1146 2420 ineertae;
1163 2355 1261 2408 nova

140 2464 202 2536 illa
224 2462 413 2556 disciplina
436 2484 507 2555 qua
528 2462 617 2533 varii
640 2461 742 2532 vitae
765 2467 930 2548 eventus,
957 2468 1107 2550 mortes,
1134 2464 1259 2535 matri-

140 2590 272 2675 monia,
298 2585 458 2673 crimina,
484 2594 572 2672 etc,
595 2592 696 2659 certa
715 2588 854 2660 ratione
876 2594 1140 2682 computantur,
1166 2611 1259 2661 non-

140 2717 227 2805 dum
258 2721 335 2787 erat
364 2716 402 2786 in
431 2709 513 2785 usu.
543 2715 749 2800 Praeterea,
781 2734 864 2786 enm
890 2715 1030 2786 civitas·
1044 2716 1134 2787 nihil
1158 2715 1257 2787 aliud

142 2844 192 2915 sit
208 2862 315 2938 quam
330 2842 486 2913 immane
505 2839 683 2933 quoddam
700 2842 832 2912 animal
848 2841 943 2934 quod
959 2842 1138 2934 propriam
1153 2862 1259 2913 suam

140 2974 313 3053 mentem,
331 2971 478 3039 nostrae
498 2968 611 3040 menti
633 2975 841 3060 cognatam,
862 2967 985 3052 habet,
1006 2969 1112 3060 leges
1132 2968 1260 3040 huma·

140 3087 209 3167 nae
235 3088 422 3166 societatis
453 3113 495 3164 eo
527 3094 657 3164 melius
688 3098 726 3164 et
756 3092 910 3164 facilius
927 3093 1157 3185 reperiuntur
1185 3116 1257 3185 quo

139 3209 245 3312 leges
269 3219 447 3291 humanae
474 3219 606 3290 mentis
629 3219 704 3311 jam
728 3220 898 3310 cognitae
922 3186 1026 3303 sune
1056 3219 1256 3293 novissimo

142 3351 264 3418 autern
279 3345 423 3417 saeculo
443 3339 563 3416 omnia
582 3345 672 3417 haec
695 3345 733 3415 in
752 3344 855 3415 initio
867 3349 1009 3416 tantum
1025 3350 1129 3417 erant
1141 3350 1179 3416 et
1194 3346 1259 3418 vix

141 3471 321 3544 inchoata.
339 3471 390 3541 At
405 3471 532 3562 procul
548 3462 650 3542 abest
665 3471 751 3564 quin
767 3470 867 3541 nulla
883 3470 951 3540 alia
966 3469 1084 3542 riade
1105 3471 1260 3544 scientia

139 3599 232 3670 bene
250 3595 410 3669 merendi
428 3596 476 3669 sit
499 3619 605 3690 quam
621 3617 701 3668 eam
725 3595 938 3668 veritatibus
964 3595 1074 3667 certis
1096 3595 1257 3689 locuple·

142 3724 230 3809 tari;
245 3722 310 3794 sed
327 3744 399 3794 non
415 3718 562 3794 minoris
578 3721 690 3817 pretii
708 3728 766 3794 est
789 3720 951 3794 eamdem
967 3741 1054 3793 suae
1070 3721 1256 3812 materiae,

141 3856 293 3922 naturae
321 3871 363 3921 ae
390 3848 549 3920 methodi
577 3849 759 3920 consciam
789 3847 929 3919 efficere
959 3853 997 3919 et
1023 3846 1271 3919 fundamenta·

144 3967 274 4069 quibus
295 3969 406 4046 stabit
424 3992 648 4068 praeparare.
667 3970 762 4043 Illud
786 3979 908 4044 autem
930 3977 988 4044 est
1009 3970 1105 4065 quod
1126 3970 1257 4043 studiis

142 4098 277 4171 nostris
303 4096 531 4170 Secundatns
566 4080 730 4169 eontulit.
759 4096 831 4169 Res
859 4102 986 4188 gestas
1010 4097 1156 4191 saepius
1183 4117 1257 4169 non

142 4231 241 4298 recte
258 4226 513 4319 interpretatus
529 4230 587 4296 est
602 4230 639 4296 et
654 4223 705 4296 ita
724 4230 767 4296 ut
785 4225 889 4296 facile
908 4223 1166 4315 redarguatur;
1187 4225 1250 4296 sed
