2782 4950
628 288 783 349 „ffi-

132 423 252 516 leges
268 424 306 493 in
322 422 418 511 omni
435 421 622 493 occasione
641 442 884 521 sequeremur.
901 423 939 494 Si
954 446 1040 505 vero
1054 427 1259 520 intelligere

107 539 239 631 *velis
264 537 349 631 quid
376 536 622 609 Secundatum
644 536 688 607 ad
712 537 806 610 hauc
828 539 1033 633 opinionem
1056 543 1258 628 adduxerit,

133 656 302 749 primum
323 653 531 748 ponendum
551 660 609 726 est
632 653 717 745 quid
732 675 797 747 per
812 676 932 726 rerum
947 664 1114 729 naturam
1127 659 1262 752 signifi·

136 779 219 845 cet.
231 771 284 843 Eo
297 778 418 844 autem
429 757 535 843 verbo
549 769 719 863 designat
732 792 802 842 non
818 792 942 844 omues
956 774 1108 869 alicujus
1122 776 1173 847 rei
1185 797 1263 869 pro

136 887 335 982 prietates,
354 886 493 958 sedeas
508 892 650 958 tantum
670 908 760 980 quae
778 893 918 987 ceteras
935 889 974 959 in
993 911 1032 960 se
1052 892 1263 964 contineant

139 1008 184 1074 et
202 1023 279 1074 rem
293 1002 428 1073 iaciant
443 1001 551 1071 unius
571 1006 634 1072 aut
649 1001 799 1073 alterius
814 1004 962 1095 generis
980 1026 1061 1077 esse
1080 1007 1136 1098 (¹),
1152 1006 1189 1077 id
1206 1012 1264 1078 est

139 1118 257 1210 hujus
273 1118 480 1189 essentiam.
498 1116 692 1188 Praeterea
703 1117 864 1209 logicum
881 1118 1059 1212 quoddam
1076 1121 1262 1194 vinculum

143 1255 231 1307 esse
247 1240 351 1328 putat
366 1234 461 1305 inter
483 1233 577 1304 hanc
600 1238 766 1304 naturam
781 1236 1031 1329 normalesque
1048 1237 1099 1308 rei
1116 1237 1261 1319 formas,

98 1332 1264 1448 ,mmmmmmfflmmmmmmmmmm

144 1465 224 1556 puli
239 1471 390 1536 naturae
410 1486 496 1537 suae
513 1486 698 1558 nunquam
713 1464 903 1557 derogent,
919 1487 1060 1562 semper
1077 1474 1114 1539 et
1129 1469 1264 1562 ubique

148 1588 257 1653 erunt
267 1582 394 1677 quales
407 1602 484 1653 esse
502 1580 645 1652 debent.
662 1580 755 1652 Sunt
767 1586 889 1653 autem
900 1583 938 1652 in
950 1585 1091 1677 privata
1105 1585 1265 1678 politica-

149 1719 219 1791 que
235 1697 311 1769 vita
330 1698 539 1791 imperfecta
553 1697 683 1783 multa;
703 1704 789 1769 sunt
811 1699 954 1790 iniquae
973 1700 1092 1792 leges,
1110 1701 1264 1774 vitiosae

149 1815 400 1905 institqtioues
428 1834 517 1906 quas
541 1813 734 1884 societates
759 1835 778 1886 e
803 1814 1056 1906 legislatorum
1084 1816 1265 1888 erroribus

150 1934 381 2026 aeceperunt.
408 1928 536 1999 Omnia
558 1928 647 2000 11333
674 1925 869 2000 humanam
896 1929 1086 2022 quamdam
1119 1931 1265 2003 faculta-

148 2053 222 2118 tem
244 2069 265 2116 a
284 2052 433 2117 naturae
455 2045 599 2138 legibus
622 2045 810 2118 aberrandi
831 2046 1037 2138 significare
1055 2046 1263 2120 Secundato

148 2163 330 2235 videntur.
357 2162 439 2234 Non
466 2161 546 2233 ideo
572 2165 692 2233 causis
717 2168 858 2248 carent;
885 2183 1015 2234 causae
1040 2168 1161 2235 autem
1180 2163 1262 2236 illae

148 2279 437 2371 fortuitaepsuut
468 2285 517 2363 et,
545 2284 586 2349 ut
612 2278 663 2348 ita
691 2278 819 2361 dicam,
848 2278 1074 2377 adventiciae
1100 2279 1152 2371 (²).
1179 2279 1263 2351 Nou

149 2395 261 2486 igitur
289 2393 333 2464 ad
353 2395 466 2486 leges
496 2393 621 2464 reduci
653 2399 791 2486 queunt
801 2417 810 2478 ;
840 2415 959 2465 rerum
987 2393 1082 2465 enim
1106 2416 1262 2467 corrum-

147 2515 241 2602 punt
255 2515 422 2581 naturam
438 2530 544 2602 quam
565 2490 695 2580 contra*
708 2509 813 2600 leges
831 2511 1049 2602 exprimunt.

194 2626 289 2697 Sane
305 2625 532 2719 principium,
550 2648 571 2696 a
587 2646 656 2719 quo
677 2630 754 2696 tota
777 2624 866 2725 11333
889 2628 1157 2724 argumentatio
1179 2649 1263 2720 peu·

149 2741 221 2820 det,
241 2741 372 2811 falsum
391 2747 460 2812 est.
479 2741 546 2812 Isti
567 2741 662 2812 euim
683 2761 834 2826 errores,
854 2751 1031 2834 quatenus
1053 2741 1098 2812 ad
1112 2743 1261 2814 ‘civilem

148 2861 260 2933 vitam
291 2859 461 2943 attinent,
489 2858 578 2929 nihil
605 2857 701 2928 aliud
728 2863 815 2928 sunt
839 2857 909 2927 nisi
938 2858 1097 2951 corporis
1112 2859 1260 2951 ‚politici

148 2977 277 3060 morbi;
304 2975 448 3045 morbus
473 2979 594 3046 autem
611 2973 845 3044 animantium
864 2979 1015 3073 naturae
1043 2975 1288 3053 1133311333,
1340 3039 1342 3043 ,

148 3095 244 3166 111331
261 3114 367 3186 quam
381 3092 475 3163 bona
489 3091 671 3163 valetudo.
690 3090 790 3161 Haec
806 3112 895 3182 ergo
912 3092 1099 3194 nontinter
1120 3112 1161 3163 33
1181 3113 1262 3165 cun·
1344 3141 1346 3145 >

148 3210 256 3281 traria
273 3217 372 3292 sunt,
390 3209 454 3279 sed
472 3212 597 3278 contra
618 3206 781 3300 ejusdem
804 3206 964 3298 generis,
987 3207 1038 3277 ita
1059 3211 1100 3279 ut
1120 3192 1267 3307 corripe·¹

149 3327 218 3396 rari
228 3327 415 3418 possintet
426 3345 472 3394 ex
483 3323 799 3416 cacomparatioue
810 3306 998 3414 utriusque
1010 3323 1259 3417 interpretatio

149 3439 323 3532 proficiat.
357 3439 428 3510 Sed
458 3437 548 3508 haec
580 3437 670 3508 falsa
700 3436 818 3530 opinio
850 3457 932 3508 cum
960 3443 1110 3509 externa
1140 3458 1259 3510 rerum

148 3557 358 3649 speciatam
378 3550 657 3645 bene'congruit
675 3559 719 3624 'ut
746 3552 853 3624 etiam
876 3553 914 3621 in
941 3552 1181 3645 physiologia¹
1197 3553 1260 3625 din

150 3673 397 3766 permanserit.
435 3669 572 3763 Nempe
615 3669 698 3762 quia
732 3669 962 3740 manifestum
999 3689 1080 3740 3333
1112 3664 1261 3752 'uidetur

152 3790 350 3859 animantes
365 3793 495 3858 natura
510 3791 618 3856 sanos
635 3777 730 3871 esse,
742 3785 826 3855 inde
844 3783 1068 3855 concluditur
1084 3783 1258 3870 morbum,

150 3911 340 3999 propterea
350 3903 444 3991 quod
455 3901 654 3984 valetudini
671 3901 803 4007 obstat,
818 3901 914 3972 vitae
929 3906 1095 3971 naturam
1111 3901 1257 3971 violare.

179 4157 211 4220 (¹)
228 4156 271 4206 «ΙΙ
283 4170 298 4221 p
310 4168 324 4203 3
335 4159 402 4206 33113
412 4155 552 4205 (1111333333
565 4158 638 4205 entre
649 4153 675 4205 la
686 4158 778 4204 nature
788 4153 824 4204 du
836 4157 1038 4218 gonvernement
1049 4157 1074 4204 31
1085 4166 1132 4202 3311
1143 4151 1261 4219 principe

151 4251 199 4300 que
207 4251 236 4287 sa
246 4242 339 4287 nature
350 4241 429 4287 33133
440 4236 486 4300 qui
498 4236 522 4286 le
534 4234 581 4286 fait
592 4237 647 4286 etre
658 4236 702 4286 131.
714 4252 727 4285 a
740 4235 797 4297 (ΙΙΙ,
808 4235 844 4296 Ι.)

182 4317 213 4380 (¹)
228 4318 257 4368 v.
271 4316 389 4380 111113.
