2782 4950
620 312 778 376 ..41..

119 488 124 494 -
137 468 235 540 quae
248 447 287 517 in
299 447 425 518 eodem
438 446 632 540 praecipua
646 451 704 516 est
716 451 754 516 et
766 465 875 539 quam
887 448 1028 515 ceterae
1040 447 1253 535 sequuntur.

133 561 262 634 Primo
279 568 399 634 autem
416 562 606 658 adspectu,
620 562 731 633 forma
744 559 1018 653 gubernationis
1033 559 1257 631 hancccndi·

132 678 278 749 tionem
300 676 444 748 videtur
465 677 622 773 explere.
645 676 744 748 Nihil
762 676 858 748 enim
878 676 998 768 magis
1020 676 1256 769 conspicuum

134 798 200 864 est
224 792 262 863 in
286 792 430 886 publica
451 793 543 879 vita3
572 793 661 864 nihil
681 792 800 885 magis
822 794 861 864 in
886 813 925 864 se
949 791 1108 863 omnium
1132 792 1255 864 oculos

131 914 277 980 movet.
307 908 399 981 Cum
421 909 590 1003 princeps
612 910 650 980 in
674 909 872 993 societatis,
893 914 937 980 ut
956 907 1008 979 ita
1030 907 1159 998 dicam,
1181 907 1257 979 cul·

132 1024 239 1097 mine
258 1031 331 1098 stet
351 1031 389 1097 et
405 1026 564 1120 corporis
583 1025 719 1120 politici
736 1030 847 1118 caput
866 1044 975 1117 saepe
996 1043 1114 1116 neque
1135 1022 1257 1116 imme

129 1140 210 1212 rito
224 1142 436 1236 appelletur,
450 1141 493 1212 ab
511 1162 553 1213 eo
570 1141 690 1213 omnia
702 1139 858 1234 pendere
871 1125 1136 1211 existimantur.
1148 1137 1255 1208 Adde

133 1258 253 1350 quod,
292 1279 373 1329 oum
403 1256 609 1353 philosophi
641 1257 686 1328 ad
715 1255 783 1327 hoc
810 1262 954 1350 tempus
978 1254 1068 1325 nihil
1094 1253 1191 1324 aliud
1210 1253 1255 1323 in

131 1374 301 1470 politicis
323 1374 431 1446 rebus
452 1374 674 1469 reperissent
695 1375 790 1466 quod
810 1394 875 1467 per
899 1392 1037 1464 genera
1057 1377 1095 1443 et
1114 1370 1255 1463 species

130 1489 254 1561 dividi
277 1497 414 1585 posset,
433 1491 575 1563 difficile
597 1488 802 1562 Secundato
825 1494 913 1574 erat,
937 1487 1101 1582 quamvis
1120 1507 1256 1558 novum

130 1606 276 1700 aliquid
295 1607 374 1700 ipse
395 1613 567 1694 tentaret,
586 1629 709 1679 eorum
726 1606 925 1678 doctrinam
946 1604 1090 1677 omnino
1106 1624 1253 1697 exuere.

131 1722 197 1793 Ea
215 1743 327 1794 causa
347 1729 404 1794 est
425 1744 533 1815 quare
553 1723 685 1794 formas
705 1722 921 1793 societatum
941 1741 961 1792 e
981 1717 1256 1813 gubernationis

132 1838 266 1909 formis
283 1838 485 1911 discernere
503 1839 717 1932 susceperit.
733 1838 827 1909 Sane
843 1837 957 1909 multa
967 1834 1136 1907 methodo
1149 1833 1256 1927 objici

131 1961 299 2048 possunt
315 1976 423 2048 quam
443 1961 592 2027 secutus
611 1960 680 2027 est.
698 1954 776 2027 Hoc
798 1954 895 2027 enim
914 1953 1062 2045 signum
1081 1950 1170 2022 nihil
1191 1972 1257 2044 per

132 2093 178 2143 se
208 2071 343 2165 proprii
366 2092 410 2142 ac
432 2071 622 2165 peculiaris
645 2069 765 2160 habet,
788 2070 862 2151 sed,
885 2075 927 2141 ut
944 2070 1019 2163 jam
1042 2068 1256 2140 monstravi-

132 2211 236 2274 mus,
263 2188 392 2259 summi
414 2188 553 2282 imperii
575 2194 705 2261 natura
724 2187 856 2259 mutari
876 2191 998 2281 potest
1021 2185 1106 2261 dum
1125 2190 1256 2256 natura

134 2305 328 2376 societatis
352 2305 542 2376 immutata
565 2309 700 2390 manet,
730 2309 794 2374 aut
818 2308 943 2375 contra
970 2324 1041 2373 una
1068 2307 1107 2375 et
1128 2300 1255 2374 eadem

132 2443 223 2494 esse
249 2421 286 2490 in
312 2419 547 2492 societatibus
569 2441 660 2513 quae
681 2419 894 2511 longissime
917 2420 1012 2491 inter
1039 2439 1078 2490 se
1102 2417 1251 2489 distant.

135 2535 215 2608 Sed
235 2556 333 2607 error
348 2535 468 2608 verbis
484 2536 606 2630 potius
622 2557 731 2628 quam
749 2535 858 2608 rebus
871 2536 984 2620 inest3
1007 2556 1092 2607 nam
1111 2539 1255 2627 praeter

137 2673 234 2746 quae
251 2652 296 2722 ad
315 2652 439 2746 populi
456 2653 620 2745 regimen
635 2652 832 2746 pertinent,
849 2653 963 2724 multa
979 2651 1048 2722 alia
1068 2655 1254 2722 enumerat

137 2770 272 2863 quibus
290 2769 483 2841 societates
499 2769 588 2840 alias
604 2769 647 2840 ab
664 2769 743 2840 aliis
758 2768 993 2840 discriminat.

183 2885 297 2956 Immo
324 2906 423 2969 vero,
450 2885 480 2956 si
500 2884 610 2958 verba
630 2884 760 2979 quibus
777 2885 893 2956 utitur
912 2883 1149 2976 negligimus,
1164 2883 1254 2953 nihil

140 3001 265 3072 forsan
288 3001 326 3072 in
346 3006 423 3072 toto
447 3022 554 3094 opere
577 3001 776 3095 reperietur
793 3000 889 3094 quod
911 3001 1032 3072 verius
1055 3006 1093 3071 et
1112 2999 1254 3071 acutius

142 3119 194 3188 sit
211 3139 317 3209 quam
333 3116 424 3189 haec
438 3117 567 3189 divisio
580 3118 684 3210 cujus
700 3118 875 3212 principia
887 3118 994 3189 etiarn
1009 3137 1107 3188 nunc
1119 3115 1256 3188 servari

138 3238 308 3326 possunt.
327 3232 484 3318 Etenim,
508 3254 582 3305 non
604 3235 720 3306 solum
736 3239 812 3305 tres
831 3233 912 3304 illae
934 3233 1030 3304 vitae
1055 3232 1254 3304 communis

139 3349 274 3420 formae
304 3370 393 3440 quas
422 3348 613 3444 descripsit
636 3356 712 3421 tres
739 3349 930 3420 distinctas
963 3349 1103 3442 species
1129 3368 1256 3419 revera

142 3464 387 3555 constituunt,
402 3463 467 3536 sed
484 3465 592 3536 etiam
604 3485 726 3537 aarum
742 3464 949 3558 descriptio,
966 3465 1107 3556 qualem
1121 3464 1159 3533 in
1175 3465 1254 3556 ejus

140 3578 230 3651 libro
253 3579 472 3665 invenimus
495 3581 699 3652 earumdem
724 3586 889 3651 naturam
907 3580 1139 3674 propriasque
1160 3579 1255 3652 diffe-

143 3695 282 3767 rentias
297 3716 370 3766 non
388 3696 465 3768 sine
480 3694 633 3789 quadam
644 3696 798 3768 veritate
815 3695 992 3790 exprimit.
1010 3695 1102 3767 Sane
1118 3695 1156 3765 in
1168 3696 1255 3766 anti·

145 3811 224 3903 quis
246 3809 454 3882 civitatibus
469 3813 669 3904 aequalitas
690 3817 728 3884 et
746 3812 937 3904 frugalitas
952 3832 1026 3883 non
1040 3817 1164 3884 tantae
1179 3812 1254 3883 iue-

144 3933 230 3998 runt
254 3933 408 4018 quantas
431 3927 660 3999 Secundatus
679 3927 841 4000 credidit.
859 3930 1032 3999 Attamen
1053 3933 1197 3999 constat
1216 3929 1253 3998 in

143 4040 197 4125 iis,
221 4043 434 4134 praesertim
456 4045 487 4112 si
510 4064 592 4114 cum
615 4044 797 4115 hodiernis
820 4044 962 4138 populis
987 4048 1250 4138 comparentur,

144 4158 304 4249 privatas
332 4180 391 4231 res
417 4160 718 4251 angustissimum
741 4161 897 4255 spatium
924 4158 1093 4229 habuisse
1119 4179 1253 4251 quoae

146 4275 394 4363 extenderent,
422 4297 630 4350 communes
661 4284 787 4349 contra
818 4278 985 4369 amplum.
1018 4275 1109 4349 Mire
1138 4276 1254 4350 sensit
