2782 4950
669 318 826 380 ,19-

194 450 352 535 tuendis,
372 449 620 542 quaerebatur.
648 452 774 545 ltaque
800 453 920 524 civilia
944 454 1112 526 instituta
1137 462 1175 527 et
1201 457 1307 540 facta,

195 588 268 638 non
286 567 405 659 qualia
432 573 557 639 essent
581 573 618 639 et
640 569 736 640 unde
762 578 849 655 orta,
875 571 940 642 sed
962 572 1080 664 qualia
1101 594 1184 644 esse
1210 573 1310 646 debe·

194 689 287 766 rent,
304 682 551 775 inquirebant;
570 705 643 754 non
660 684 705 754 iis
722 705 828 756 curae
847 692 924 757 erat
939 692 1089 758 naturae
1113 688 1307 779 imaginem

196 821 302 893 quam
325 800 479 871 maxime
498 821 621 871 veram
643 800 747 872 nobis
767 800 929 888 reddere,
951 805 1016 874 sed
1037 804 1154 875 ideam
1179 806 1310 898 perfec·

196 921 255 987 tae
279 914 466 1007 cujusdam
490 917 676 987 societatis
700 916 925 988 admirationi
954 924 999 1012 et,
1015 920 1207 992 imitationi
1234 942 1311 992 nos·

187 1037 271 1104 trae
292 1051 505 1125 proponere.
522 1033 739 1104 Aristoteles
760 1033 851 1127 ipse,
874 1036 1038 1127 quamvis
1064 1037 1309 1130 experientiae

194 1148 314 1241 magis
348 1171 453 1240 quam
482 1148 586 1220 Plato
619 1150 854 1235 consuluerit,
883 1173 957 1222 non
984 1153 1185 1223 communis
1211 1154 1307 1225 vitae

195 1265 301 1357 leges
314 1265 470 1359 reperire
488 1265 554 1336 sibi
575 1266 774 1359 proposuit,
794 1266 859 1338 sed
882 1289 972 1360 quae
997 1269 1045 1339 sit
1074 1269 1210 1363 optima
1225 1269 1309 1340 civi-

195 1382 282 1453 tatis
296 1382 420 1452 forma.
438 1381 620 1476 Principio
637 1386 737 1476 ponit
757 1383 963 1455 civitatibus
978 1383 1068 1455 nihil
1096 1384 1193 1455 aliud
1210 1408 1311 1481 appe-

195 1500 346 1570 tendum
358 1520 439 1571 esse
451 1520 558 1591 quam
569 1505 611 1570 ut
623 1500 722 1572 cives
735 1500 881 1573 virtutis
894 1523 963 1571 usu
974 1502 1099 1573 felices
1112 1502 1312 1574 efficiantur

196 1617 440 1708 uirtutemque
465 1615 504 1686 in
527 1617 830 1719 contemplatione
857 1617 1073 1702 consistere;
1102 1640 1221 1712 neque
1244 1621 1310 1690 hoc

198 1734 328 1805 statuit
353 1739 526 1825 tanquam
551 1733 674 1825 legem
698 1754 805 1826 quam
824 1735 1020 1806 societates
1043 1753 1170 1808 revera
1192 1735 1312 1808 obser-

199 1856 300 1939 vent,
319 1851 384 1921 scd
402 1848 592 1922 observare
614 1848 770 1922 debeant
789 1856 831 1921 ut
846 1850 1011 1923 homines
1027 1857 1194 1923 naturam
1210 1872 1312 1923 suam

201 1970 458 2060 exsequantur.
487 1965 621 2038 Postea
656 1965 799 2058 quidem
830 1987 889 2038 res
922 1967 1115 2039 historicas
1148 1969 1309 2062 respicit,

197 2084 263 2158 sed
285 2085 358 2157 fere
384 2088 527 2156 tantum
554 2088 596 2154 ut
617 2104 680 2155 eas
698 2082 839 2176 judicet
864 2088 1113 2176 monstratque
1134 2083 1310 2177 quomodo

197 2223 264 2272 sua
289 2202 467 2296 principia
491 2200 602 2273 variis
626 2200 770 2270 casibus
803 2201 918 2294 aptari
945 2201 1100 2293 possint.
1128 2201 1200 2272 Alii
1224 2222 1310 2274 vero

195 2317 333 2414 politici
361 2318 568 2411 scriptores,
600 2316 660 2410 qui
687 2317 876 2390 Aristoteli
901 2322 1174 2406 successerunt,
1203 2317 1312 2411 hujus

197 2435 401 2529 exemplum
421 2435 504 2529 plus
527 2435 694 2506 minusve
719 2433 835 2506 secuti
865 2439 963 2506 sunt.
983 2434 1056 2507 Seu
1081 2456 1140 2507 ros
1168 2437 1312 2508 omnino

196 2553 407 2645 negligunt,
443 2573 508 2624 seu
535 2553 712 2624 attentius
741 2557 804 2623 aut
831 2553 950 2625 levius
977 2572 1037 2624 aas
1066 2553 1310 2640 considerant,

198 2690 323 2742 omnes
339 2669 385 2740 ad
403 2668 439 2739 id
462 2675 635 2762 pergunt,
653 2690 727 2740 non
742 2675 784 2741 ut
804 2690 866 2742 eas
886 2672 1124 2764 cognoscant,
1151 2670 1216 2743 sed
1238 2690 1313 2744 cor-

197 2789 323 2882 rigant
337 2792 401 2860 aut
417 2787 525 2858 etiam
542 2787 585 2858 ab
602 2786 674 2857 imo
694 2787 739 2857 ad
762 2807 942 2859 summum
959 2793 1195 2873 convertant3
1211 2808 1315 2883 prae·

199 2906 317 2978 sentia
331 2905 446 2996 igitur
460 2905 726 2997 praeteritaque
743 2902 832 2975 nihil
846 2923 960 2998 paene
977 2903 1113 2977 habent
1130 2904 1226 2998 quod
1250 2925 1312 2977 eos

200 3022 394 3106 destineat,
420 3021 485 3093 sed
504 3020 549 3092 ad
567 3021 729 3092 futurum
752 3026 931 3116 spectant.
951 3021 1077 3093 Omnis
1094 3027 1216 3094 autem
1234 3021 1314 3094 doc·

199 3139 306 3223 trina,
340 3160 430 3233 quae
466 3139 510 3209 ad
540 3139 701 3210 futurum
735 3142 889 3231 spectat,
923 3152 1004 3208 cum
1035 3144 1135 3210 certa
1169 3139 1313 3210 omnino

200 3254 349 3326 materia
364 3260 497 3340 careat,
515 3276 589 3325 non
605 3254 769 3339 scientia,
788 3253 853 3325 sed
873 3275 931 3324 ars
947 3253 1160 3349 appellatur.

241 3371 372 3444 Fateor
405 3371 570 3465 equidem
601 3371 694 3441 hanc
723 3375 837 3441 artem
869 3369 946 3442 sine
979 3370 1133 3463 quadarn
1162 3371 1316 3443 scientia

198 3511 385 3582 nunquam
399 3489 524 3562 fuisse.
545 3489 659 3561 Nemo
682 3487 778 3560 enim
793 3508 953 3580 unquam
978 3487 1137 3559 asseruit
1158 3486 1314 3580 aliquam

198 3607 416 3701 reipublicae
431 3607 580 3677 formam
596 3604 728 3678 ceteris
752 3602 1042 3697 anteponendam
1063 3622 1145 3674 esse
1165 3603 1315 3696 quinon

199 3721 425 3814 argumentis
441 3722 684 3793 demonstrare
702 3723 862 3792 tentaret
878 3738 944 3790 cur
960 3737 1039 3792 cam
1056 3723 1312 3812 anteponeret;

91 3826 94 3833 ⁴
199 3845 290 3910 haec
311 3841 433 3909 autem
456 3837 713 3909 demonstratio
737 3858 756 3908 e
776 3835 885 3907 rebus
906 3840 1051 3907 constet
1072 3853 1224 3907 necesse
1243 3841 1312 3907 est.

201 3956 239 4026 Si
271 3953 364 4046 quis,
400 3955 553 4048 exempli
586 3953 717 4046 gratia,
755 3952 1009 4024 democratiam
1042 3951 1157 4023 credit
1189 3952 1315 4023 aristo·

201 4071 333 4144 cratiae
365 4077 562 4165 praestare,
594 4072 692 4140 iliam
726 4092 809 4142 cum
837 4069 995 4141 humana
1025 4073 1155 4141 natura
1185 4068 1314 4140 melius

203 4195 466 4281 congruentem
487 4193 677 4273 monstrat,
710 4193 774 4258 aut
798 4185 950 4258 historia
972 4186 1133 4258 ostendit
1158 4184 1314 4256 aliberis

202 4289 375 4397 gentibus
403 4305 491 4375 alias
514 4310 702 4399 superatas
728 4324 823 4390 esse,
848 4310 918 4377 etc.
949 4302 1208 4397 Quodcumque
1234 4308 1314 4376 ten-
