2782 4950
615 343 773 404 ..16-

679 687 715 759 ΙΙ

181 939 265 1010 Non
281 938 398 1029 omnis
414 944 539 1010 autem
551 937 702 1010 materia
716 937 889 1010 scientiae
906 943 992 1030 epta
1006 941 1076 1009 est.

183 1055 365 1127 Scientiae
392 1055 548 1148 primum
575 1075 666 1147 opus
693 1060 752 1126 est
781 1075 854 1136 res,
883 1053 928 1125 de
955 1052 1086 1147 quibus
1118 1053 1252 1144 agitur,

139 1172 265 1265 quales
281 1172 356 1243 sint
371 1171 587 1242 describere.
606 1171 645 1241 Si
661 1191 747 1242 vero
761 1170 851 1242 adeo
865 1169 961 1242 inter
977 1191 1016 1239 se
1030 1168 1200 1240 differant
1214 1174 1256 1239 ut

136 1290 276 1361 nullum
293 1309 417 1380 genus
428 1288 667 1372 constituunt,
680 1287 782 1358 nulla
797 1307 920 1358 earum
940 1285 1136 1378 descriptio
1149 1286 1256 1358 ratio·

136 1415 209 1486 nali
239 1415 300 1484 via
324 1413 458 1486 tentari
485 1417 606 1506 queat.
633 1411 809 1503 Singulae
831 1411 927 1482 enim
949 1432 995 1482 ex
1027 1431 1081 1495 se,
1110 1410 1255 1482 omissis

136 1532 227 1617 aliis,
245 1529 465 1603 considerari
479 1549 522 1600 ac
541 1529 682 1601 definiri
698 1527 865 1599 debeant.
883 1529 935 1598 At
953 1527 1049 1598 omni
1065 1526 1255 1599 individuo

134 1648 266 1720 insitae
305 1652 393 1718 sunt
421 1646 585 1717 infinitae
620 1645 862 1738 proprietates
903 1644 1000 1715 inter
1020 1664 1125 1736 ques
1155 1643 1258 1718 111111

136 1763 285 1836 selectio
312 1764 392 1834 fieri
427 1762 569 1856 possit:
589 1760 742 1832 describi
764 1767 887 1832 autem
906 1760 1088 1831 infinitum
1112 1759 1259 1853 nequitu

135 1880 233 1953 Nihil
250 1879 347 1950 aliud
362 1879 478 1971 igitur
492 1879 671 1970 reliquum
688 1883 788 1949 esset
804 1877 874 1946 nisi
895 1882 937 1946 ut
955 1883 1145 1971 poetamm
1158 1877 1257 1950 litte·

134 2003 365 2089 natorumque
387 2016 485 2067 more
501 1999 706 2065 tractentur
720 1993 782 2084 qui
799 2013 872 2078 res,
890 1992 1016 2082 quales
1033 2013 1115 2065 esse
1129 1994 1254 2065 viden-

135 2119 207 2198 tur,
229 2111 308 2184 sine
327 2111 402 2181 nlla
419 2112 561 2183 ratione
580 2115 620 2182 et
634 2109 804 2181 methodo
820 2108 1038 2201 depingunt.
1055 2108 1204 2194 Contra,
1223 2109 1255 2178 si

134 2230 171 2299 in
202 2250 341 2320 genera
371 2226 489 2318 redigi
521 2231 689 2320 possunt,
719 2224 854 2318 aliquid
880 2224 1017 2298 habent
1040 2224 1136 2315 quod
1168 2247 1254 2298 vere

135 2344 283 2416 definire
300 2344 410 2415 liceat
426 2349 536 2435 atque
555 2341 624 2413 hoc
640 2341 808 2434 estquod
825 2361 949 2412 eorum
966 2347 1134 2414 naturam
1153 2363 1256 2414 cons-

133 2462 244 2532 tituit.
263 2460 401 2552 Nempe
420 2481 511 2552 quae
529 2458 695 2530 omnibus
711 2457 906 2528 individuis
922 2458 1087 2550 ejusdem
1105 2458 1255 2550 generis

134 2576 338 2649 communia
352 2582 554 2660 versantur,
568 2575 673 2645 finita
688 2580 775 2646 sunt
788 2573 1043 2647 eteorumdem
1056 2575 1254 2646 essentiam

134 2693 343 2765 declarant:
363 2692 452 2764 satis
466 2698 525 2764 est
540 2692 655 2784 igitur
671 2691 741 2761 alia
756 2691 837 2762 ahie
859 2711 1103 2785 superponere
1124 2697 1163 2763 et
1182 2714 1254 2784 qua

136 2807 342 2898 congruant
367 2809 506 2877 notare.
530 2802 612 2876 Uno
635 2806 760 2889 verbo,
784 2803 939 2876 scientia
957 2826 1030 2876 non
1052 2803 1258 2889 individua·

135 2924 200 2995 sed
216 2944 355 3016 genera
366 2928 509 2994 tantum
527 2921 709 2993 describit.
724 2920 851 3013 Itaque
866 2921 962 3014 prior
978 2921 1151 2993 scientiae
1167 2944 1257 3016 pars

134 3041 274 3111 nullum
291 3040 329 3110 in
345 3039 500 3111 Politice
514 3039 634 3110 locum
648 3037 809 3123 habebit,
825 3037 897 3108 nisi
913 3040 1109 3111 societates
1126 3037 1254 3109 huma·

133 3177 203 3228 nae
229 3156 444 3227 divisionem
463 3155 562 3225 illam
584 3176 648 3248 per
669 3175 807 3245 genera
823 3175 865 3226 11
886 3154 1029 3247 species
1053 3153 1249 3246 patientur.

176 3270 396 3343 Aristoteles
412 3268 558 3362 quidem
575 3268 851 3354 aristocratiam‚
871 3266 1116 3340 monarchiam
1141 3274 1252 3361 atque

133 3388 276 3459 aeliotae
297 3385 511 3478 jamdudum
543 3384 771 3457 distinxerat.
809 3384 866 3458 Ne
897 3383 1097 3457 confundas
1128 3390 1254 3456 eutem

133 3507 349 3577 societatum
377 3503 519 3596 species
546 3523 589 3573 ac
615 3501 736 3573 serias
760 3500 979 3595 reipublicae
1001 3502 1145 3575 formas.
1168 3499 1255 3574 Duo

132 3621 228 3694 enim
241 3620 367 3715 populi
383 3619 609 3692 diversorum
625 3639 804 3712 genemm
821 3640 904 3692 esse
919 3626 1087 3714 possunt,
1106 3618 1250 3692 etiamsi

132 3738 260 3809 eodem
288 3734 394 3807 modo
422 3734 686 3826 gubementnr.
711 3734 771 3805 Sic
796 3734 973 3827 quaedam
995 3735 1106 3819 πόλεις,
1128 3734 1166 3806 id
1190 3741 1253 3807 est

132 3873 288 3948 graecae
325 3847 518 3937 1111111111,
555 3857 593 3923 et
628 3851 821 3945 pleraeque
854 3851 1086 3925 barbarorum
1115 3857 1250 3943 gentes

130 3969 359 4043 monarchiae
375 3990 507 4040 nornen
526 3970 641 4060 aeque
656 3975 841 4041 merentur
863 3973 900 4042 et
923 3970 967 4042 ab
995 3969 1196 4042 Aristotele
1209 3971 1254 4060 (¹)

131 4094 351 4181 acceperunt
370 4091 561 4180 propterea
581 4086 677 4177 quod
700 4085 766 4157 suh
783 4084 933 4177 regibus
953 4092 1130 4180 utraeque
1149 4086 1254 4160 vive-

160 4341 191 4406 (1)
206 4336 262 4396 slei
275 4343 397 4408 βασιλεῖαι
409 4346 456 4392 τῶν
468 4338 604 4406 βαρὸὰρων.
618 4337 700 4403 (Pet,
712 4336 757 4404 111,
770 4330 922 4404 1111851,
934 4338 985 4403 17.)
