2782 4950
429 765 431 769 ⁵
540 780 972 929 orror-sucurram
1071 878 1075 898 ‚

247 1071 443 1158 ,ourrnrr'us
459 1096 648 1148 sciturus
672 1097 1059 1148 ronrrrcrnuarnarru
1082 1067 1274 1152 rrorarau'

227 1204 229 1209 '
471 1191 721 1275 'sncunnrrus
744 1188 1009 1275 lss1unavn1ur.
1085 1239 1112 1245 =·

765 1539 769 1546 «

546 1572 662 1604 ,’,.
748 1551 790 1625 I
868 1579 884 1601 r.

747 1635 756 1647 ,,

489 1666 492 1676 ι
543 1672 546 1680 ,
642 1670 644 1674 ·
943 1661 946 1668 ¹

205 1815 218 1827 ·’
240 1803 373 1874 Mirum
390 1808 447 1874 est
464 1802 575 1875 toties
593 1782 819 1897 disputatum
831 1824 915 1876 esse
931 1801 1263 1898 quid-Secundatus
1279 1813 1312 1881 in

196 1920 286 1992 libro
304 1939 370 1991 suo
387 1919 732 2021 sibidestinaverit:
750 1926 879 2013 nempe
897 1921 1113 2014 inpluribus
1129 1923 1218 1996 locis
1235 1927 1326 2020 ipse
1356 1924 1358 1929 ’

187 2018 264 2106 ¹nos
280 2041 404 2107 monet
422 2035 507 2128 quid
529 2036 754 2139 propositum
768 2035 912 2108 habeat.
932 2040 1042 2131 «Hoc
1059 2034 1315 2135 opus‚'inquit,'

196 2170 263 2248 pro
272 2153 424 2224 materia
438 2153 548 2225 habet
561 2153 679 2245 leges,
693 2175 813 2225 mores
825 2155 1016 2248 variasque
1030 2158 1312 2230 consuetudines

197 2271 356 2341 omnium
385 2275 502 2341 terrae
528 2269 755 2363 populorum.
778 2268 995 2342 Immensam
1016 2267 1117 2343 hane¹
1127 2277 1312 2349 materiem

195 2368 324 2458 merito
351 2385 531 2480 appelles
550 2386 682 2479 quippe
708 2370 938 2485 quaesomnia
963 2389 1133 2460 instituta
1159 2392 1313 2485 amplec-

196 2509 295 2575 tatur
311 2525 402 2597 quae
420 2502 515 2597 apud
534 2501 700 2574 homines
722 2505 846 2576 valent
864 2507 915 2595 (¹).
931 2534 949 2570 »
973 2505 1204 2578 Secundatus
1222 2529 1311 2600 ergo

196 2642 254 2692 res
271 2619 437 2716 politicas
452 2619 504 2689 ita
515 2624 672 2691 tractare
693 2620 909 2712 aggreditur
924 2627 966 2693 ut
983 2643 1057 2708 eas,
1081 2624 1205 2717 quales
1223 2625 1317 2712 sint,¹

196 2743 392 2828 scrutetur,
410 2765 428 2802 «
442 2757 564 2808 earum
578 2738 738 2830 origines
754 2738 912 2832 inquirat
926 2761 1126 2833 causasque
1140 2744 1308 2834 reperiat,

195 2862 234 2928 et
264 2876 356 2948 quae
388 2854 425 2923 in
457 2875 647 2948 corporum
679 2861 717 2926 et
748 2876 839 2947 quae
876 2855 913 2925 in
946 2856 1145 2927 animorum
1180 2865 1312 2931 natura

189 2974 317 3066 jacent
332 2971 387 3064 (2).
402 2999 419 3034 »
437 2969 676 3063 Legislatoris
694 2978 816 3042 autem
835 2979 958 3066 partes
981 2975 1077 3046 vires
1101 2995 1186 3044 suas
1207 2997 1312 3049 exee-

197 3089 280 3160 dere
317 3087 502 3158 humiliter
535 3087 697 3158 declarat
733 3089 867 3159 nedum
904 3111 966 3160 eas
999 3091 1156 3182 affectet,
1191 3114 1310 3186 neque

192 3204 404 3300 praesertim
438 3224 561 3274 eorum
586 3204 791 3297 exemplum
818 3205 981 3276 imitatur
1007 3207 1068 3298 qui
1095 3207 1309 3281 societatem

194 3345 238 3395 ex
253 3323 398 3413 integro
415 3320 563 3394 reficere
586 3321 803 3414 suscipiunt.
827 3349 844 3385 «
858 3321 941 3393 Non
965 3322 1094 3408 scribo,
1119 3324 1250 3417 inquit,
1268 3333 1310 3398 ut

191 3437 453 3533 reprehendam
466 3459 558 3532 quae
576 3438 614 3507 in
631 3438 791 3530 qualibet
807 3444 921 3529 gente
937 3439 1107 3510 instituta
1123 3446 1221 3511 sunt.
1236 3440 1309 3512 Sed

191 3557 347 3651 populus
380 3555 532 3648 quisque
556 3554 595 3624 in
621 3576 702 3626 meo
726 3553 816 3626 libro
838 3557 1003 3627 inveniet
1032 3562 1308 3651 praeceptorum

193 3672 469 3767 explicationem
483 3692 574 3764 quae
593 3671 797 3764 sequitur...
814 3672 852 3742 Si
867 3693 926 3743 res
943 3672 1030 3742 mihi
1045 3674 1097 3744 ita
1112 3675 1308 3747 succedere

191 3789 308 3884 possit
323 3794 366 3859 ut
385 3809 509 3860 omnes
526 3788 625 3859 cives
641 3808 756 3878 novas
772 3789 931 3860 rationes
947 3788 1113 3875 habeant,
1130 3797 1173 3862 ut
1192 3791 1309 3862 officia

195 3928 273 3996 sua,
297 3925 383 3976 suos
409 3904 605 3999 principes,
632 3927 736 3975 suam
761 3905 927 3997 patriam,
951 3927 1036 3976 suas
1055 3906 1160 3997 leges
1179 3908 1309 3978 melius

192 4022 347 4111 diligant
365 4026 403 4093 et
424 4022 544 4113 magis
565 4022 701 4093 conscii
726 4042 813 4093 suae
836 4022 1018 4093 felicitatis
1036 4023 1248 4110 efficiantur,
1271 4026 1309 4097 in

220 4245 250 4307 (1)
266 4245 382 4308 De'fense
394 4246 426 4298 de
439 4245 551 4310 l'Esprtt
563 4245 609 4296 des
618 4245 694 4310 Lotr;
704 4247 819 4297 secunda
831 4260 900 4309 pars,
913 4245 996 4295 initio.

220 4325 251 4388 (²)
267 4326 326 4376 Loc.
343 4327 389 4377 cit.
