2782 4950
533 368 571 381 ..
593 335 633 397 29
653 367 692 380 -

99 470 149 540 At
172 467 280 554 enim,
297 467 336 537 in
352 466 514 561 pluribus
532 466 650 560 operis
673 466 729 536 sui
748 466 852 552 locis,
884 466 927 539 de
958 467 1171 559 quibusdam

55 581 239 677 principiis
256 584 364 655 etiam
380 582 496 655 civilis
513 582 719 677 politicique
732 582 825 674 juris
837 582 889 653 ita
914 583 1013 676 loqui
1026 583 1173 655 videtur

56 699 157 792 quasi
174 720 239 794 per
257 721 296 772 se
313 705 413 771 stent
422 719 540 792 neque
558 722 579 769 a
595 698 812 770 societatum
827 704 958 770 natura
973 700 1170 794 pendeant.v

56 819 306 910 «Antequam,
331 815 460 909 inquit,
487 815 592 908 leges
618 815 808 888 institutae
832 822 970 901 essent,
996 803 1171 910 quaedam

55 930 248 1025 aequitatis
264 931 458 1004 relationes
480 938 584 1005 erant
600 931 804 1026 possibiles.
835 928 1064 1006 Ooutendere
1082 933 1172 1006 nihil

50 1050 203 1142 justum,
226 1047 315 1121 nihil
336 1050 513 1142 injustum
540 1068 621 1120 esse
644 1053 788 1140 praeter
810 1047 848 1118 id
875 1047 970 1138 qued
996 1048 1101 1140 leges
1128 1052 1171 1120 ab

54 1163 258 1238 hominibus
277 1166 468 1238 institutae
481 1165 612 1259 jubent
629 1169 692 1235 aut
713 1169 853 1249 vetant,
869 1162 965 1236 idem
985 1169 1170 1256 astatque
1204 1147 1206 1151 ¹

54 1303 190 1375 negare
207 1283 421 1355 circulorum
434 1280 967 1373 radiosinterseaequosluisse
977 1288 1172 1375 antequam

55 1399 95 1470 ab
115 1400 236 1492 alique
251 1420 360 1470 manu
377 1398 549 1492 descripti
568 1397 641 1468 sint
658 1398 700 1490 (¹)
719 1425 750 1467 ,s

94 1497 174 1589 Hoc
185 1522 306 1588 autem
315 1517 360 1587 iis
372 1537 463 1610 quae
475 1537 584 1610 supro
593 1515 827 1608 exposuimus
838 1515 983 1590 minime
995 1514 1173 1617 contradi·

55 1632 113 1705 eit.
128 1628 221 1704 Nam
233 1639 423 1728 propterea
434 1631 529 1726 quod
537 1633 599 1725 jus
613 1632 830 1704 societatum
842 1640 972 1705 natura
983 1633 1169 1720 fundetur,

54 1772 126 1824 non
149 1751 230 1823 ideo
254 1749 430 1823 asseritur
448 1749 584 1820 nullam
609 1748 880 1822 similitudinem
902 1751 998 1823 inter
1025 1750 1173 1845 populo·

54 1869 294 1961 rumlegeset
309 1888 426 1941 mores
439 1867 607 1939 existere.
627 1867 710 1951 Sed,
726 1867 1025 1960 quemadmodum
1045 1889 1171 1942 omnes

53 1987 111 2058 vol
130 1984 398 2058 diversissimae
414 1984 582 2058 civitates
602 1983 735 2077 aliquid
748 2004 936 2057 commune
955 1984 1102 2076 habent,
1119 1986 1172 2058 ita
1263 1984 1265 1989 ’

55 2107 140 2173 sunt
159 2091 342 2194 'quaedam
363 2101 468 2192 leges
488 2120 579 2192 qnae
606 2100 644 2170 in
666 2101 762 2170 omni
786 2100 933 2173 civitate
958 2110 1167 2176 occurrunt.

53 2213 126 2289 Ilae
142 2223 229 2288 sunt
244 2238 334 2310 quas
347 2216 577 2290 Secundatus
594 2214 759 2288 societati
771 2215 950 2292 humanae
962 2219 1170 2291 summatim

54 2333 245 2407 convenire
265 2332 369 2418 dicit;
390 2354 481 2426 quae
501 2353 595 2418 cum,
615 2332 833 2427 ubicumque
855 2335 1010 2413 societas
1030 2335 1168 2419 existit,

54 2451 301 2536 obversentur,
340 2451 378 2522 in
407 2450 488 2545 ipsa
527 2449 713 2522 societatis
752 2451 897 2525 notione
933 2451 1166 2547 implicantur

54 2587 165 2662 eaque
198 2565 359 2663 expediri
396 2574 564 2662 possunt.
605 2564 744 2659 Itaque,
784 2574 827 2640 ut
868 2589 991 2641 earnm
1028 2570 1167 2641 veritas

53 2685 142 2759 bene
183 2684 461 2769 demonstretur,
496 2704 570 2756 non
599 2683 708 2755 refert
740 2687 863 2755 utrum
888 2686 931 2756 ab
963 2685 1167 2757 hominibus

54 2822 178 2875 revera
192 2801 382 2873 institutae
396 2801 469 2872 sint
485 2823 531 2871 an
545 2822 630 2886 non,
645 2806 767 2871 utrum
783 2801 978 2874 societates
992 2803 1165 2889 existant,

55 2941 97 2989 an
115 2940 300 3011 nunquam
316 2917 467 3002 luerint3
489 2917 577 2988 satis
602 2922 660 2988 est
683 2917 713 2986 si
739 2917 844 2991 modo
868 2921 1041 3012 tanquam
1056 2919 1168 3012 possi-

53 3035 140 3108 biles
160 3035 410 3128 concipiantur
420 3036 473 3126 (θ).
492 3033 568 3104 Has
581 3034 685 3125 leges
698 3035 735 3103 in
755 3035 824 3106 alio
840 3036 918 3107 loco
936 3037 1167 3108 Secundatus

55 3153 158 3244 apem
174 3174 262 3246 pure
280 3158 317 3224 et
332 3151 502 3222 universe
518 3151 675 3244 appellat
693 3172 843 3244 eamque
865 3150 955 3223 nihil
971 3152 1067 3224 aliud
1085 3175 1166 3226 esse

54 3266 139 3341 dicit
155 3291 262 3362 quam
278 3269 450 3340 rationem
473 3267 676 3353 humanam,
706 3274 885 3361 quatenus
910 3268 1023 3341 totius
1049 3277 1166 3342 terrae

53 3385 204 3478 populos
217 3385 370 3477 regat(³)
381 3374 389 3470 ;1
400 3407 529 3478 nempe
543 3407 562 3456 e
577 3384 761 3456 societatis
776 3384 995 3475 definitione,
1011 3385 1042 3456 si
1055 3387 1167 3458 semel

54 3523 130 3573 eam
147 3501 421 3587 obtinuerimus,
440 3502 516 3573 sola
533 3505 566 3571 vi
587 3501 737 3572 rationis
754 3501 884 3573 deduci
900 3510 1066 3596 possunt.
1093 3503 1166 3573 Eas

54 3624 224 3702 ceterum,
244 3619 328 3711 quia
344 3618 438 3712 apud
458 3640 582 3691 omnes
599 3625 731 3710 gentes
749 3625 943 3690 occurrunt
955 3626 993 3690 et
1011 3619 1166 3711 quodem

55 3756 162 3805 sensu
181 3741 265 3807 ante
282 3736 497 3808 societatum
513 3735 778 3807 institutionem
799 3757 880 3808 esse
901 3736 1165 3830 concipiuntur,

55 3874 74 3921 a
90 3859 241 3954 naturae
258 3853 404 3945 legibus
421 3874 493 3924 non
513 3834 684 3924 distincte
700 3853 852 3925 forsitan
867 3855 1059 3948 separavit.

82 4023 111 4089 (1)
127 4025 184 4088 1,r.

82 4106 111 4167 (²)
129 4107 173 4155 ull
184 4108 239 4156 lant
249 4107 318 4157 douc
328 4121 423 4156 avouer
434 4106 479 4156 des
491 4111 608 4171 rapports
619 4105 732 4171 d'equite
743 4108 887 4159 aute'rieurs
899 4108 913 4158 h
925 4108 950 4158 la
960 4109 995 4158 loi
1004 4109 1112 4173 positive
1121 4112 1166 4175 qui

55 4183 90 4234 les
109 4187 215 4238 atablit:
239 4202 350 4250 comme,
373 4202 420 4251 par
441 4188 567 4251 example,
586 4201 646 4251 que,
665 4191 778 4253 suppose
796 4189 863 4252 qu’tl
881 4204 898 4252 y
917 4190 963 4241 ettt
985 4190 1032 4242 dea
1056 4193 1166 4244 sociates

55 4263 210 4332 d'lromrrres,
222 4268 241 4320 il
253 4268 331 4320 serait
338 4268 407 4332 juste
419 4268 451 4318 de
462 4283 490 4319 se
501 4269 648 4320 conformer
660 4268 674 4318 h
685 4269 754 4320 leurs
765 4269 845 4319 lois.»
859 4269 960 4335 (Ibid.)

83 4345 112 4409 (⁸)
128 4347 148 4412 l,
159 4347 184 4400 3.
