2782 4950
604 326 765 389 ..40-

133 460 236 531 offert
250 460 289 530 in
305 479 375 552 quo
390 465 500 553 caput
517 458 634 537 solum
648 460 752 545 rivit,
779 461 911 556 quippe
933 459 1027 553 quod
1048 464 1147 531 totas
1174 479 1245 532 cor·

132 574 229 668 poris
244 574 341 646 vires
356 573 401 645 ad
418 596 457 647 se
472 574 623 648 traxerit
642 575 698 666 (¹).
726 575 854 669 ltaque
874 597 992 669 neque
1014 575 1131 648 virtus
1148 575 1245 648 uitae

132 690 297 783 publicae
314 689 528 784 principium
549 711 631 763 essa
654 696 777 785 potest
798 692 882 786 quin
901 691 1056 787 populus
1076 712 1135 763 res
1152 713 1248 764 oom-

131 827 260 900 munes
271 806 429 899 ignorat,
445 827 563 900 neque
575 807 683 879 tortor
695 807 779 900 quia
789 809 889 880 nulla
899 807 1090 880 diversitas
1103 807 1244 879 existit.

132 921 305 995 Homines
341 922 505 994 societati
539 923 748 996 vinciuntur
791 929 982 1018 propterea
1021 924 1117 1018 quod
1156 925 1246 996 adeo

132 1038 295 1112 imbelles
324 1045 410 1111 sunt
435 1046 480 1112 ut
500 1039 673 1133 principis
693 1038 920 1114 voluntatem
937 1060 1011 1112 non
1031 1042 1247 1113 resistentes

133 1161 344 1248 sequantur,
363 1155 470 1229 idest
486 1155 563 1228 solo
580 1162 680 1228 metu
692 1156 747 1247 (²).

177 1270 255 1343 Hoc
272 1271 362 1342 satia
376 1278 435 1344 est
447 1277 490 1345 ut
505 1272 611 1366 plane
627 1272 894 1346 demonstretur
907 1292 1012 1345 raras
1032 1273 1248 1346 societatum

134 1387 275 1481 species
301 1409 323 1458 a
348 1387 555 1463 Secundato
581 1387 772 1460 distinctas
797 1410 892 1461 esse.
920 1388 961 1460 Id
996 1389 1105 1462 etiam
1136 1390 1249 1460 mani-

132 1503 263 1576 festius
278 1503 343 1574 fiat
359 1503 390 1574 si
405 1503 444 1574 in
459 1502 608 1596 singula
620 1503 832 1577 descendas.
846 1504 939 1576 Nam
953 1525 1027 1577 non
1042 1511 1248 1577 structurae

133 1619 238 1691 modo
264 1618 440 1714 principia
464 1619 606 1693 diversa
630 1626 729 1706 sunt,
751 1621 816 1693 sed
841 1626 919 1692 tota
938 1621 1025 1693 vita.
1052 1620 1173 1693 Mores
1190 1623 1247 1713 (Β),

133 1735 329 1827 religiones
351 1735 407 1830 (⁴),
440 1736 572 1806 familia
595 1738 648 1827 (⁵),
681 1737 946 1809 matrimonium
967 1738 1022 1828 (θ),
1055 1757 1250 1830 puerorum

133 1851 314 1923 institutio
326 1852 382 1943 (⁷),
408 1852 557 1924 crimina
582 1859 619 1925 et
638 1875 776 1946 poenae
791 1853 833 1946 (ὅ)
854 1875 927 1925 non
952 1853 1078 1926 eadem
1103 1855 1249 1925 suntin

134 1966 331 2061 Republica
348 1972 456 2061 atque
477 1968 515 2039 in
528 1968 732 2061 Tyrannide
749 1974 812 2040 aut
835 1969 875 2039 in
893 1966 1112 2040 Monarchia.
1136 1966 1249 2039 Immo

135 2082 351 2156 societatum
378 2082 599 2157 differentias
628 2084 926 2158 animadvertisse
953 2084 1074 2178 potius
1105 2083 1250 2156 videtur

137 2217 244 2294 quoni
260 2224 304 2276 ea
320 2224 412 2297 quae
429 2201 595 2274 omnibns
612 2202 814 2274 eommunia
828 2206 927 2272 sunt.

670 2547 724 2620 III

183 2785 234 2879 At
259 2783 367 2868 enim,
386 2781 418 2852 si
440 2801 526 2853 uera
555 2780 771 2854 societatum
797 2779 938 2874 species
962 2778 1184 2872 separaverit
1211 2798 1253 2850 ac

141 2899 383 2993 descripserit,
402 2918 467 2974 cur
485 2897 615 2969 casita
631 2895 770 2969 definiit
787 2902 825 2967 et
839 2895 896 2966 his
911 2893 1116 2966 nominibus
1131 2894 1253 2988 appel-

140 3016 252 3101 lavit‘l
274 3015 412 3108 Nempe
433 3035 507 3084 non
531 3034 576 3085 ex
599 3012 730 3085 laboris
754 3012 943 3096 divisione,
967 3033 1039 3084 non
1065 3033 1084 3083 e
1109 3010 1254 3081 socialis

142 3131 277 3217 vinculi
296 3136 425 3202 natura
445 3129 525 3200 illas
544 3129 739 3221 distinguit
756 3134 793 3200 et
809 3129 984 3215 nominat,
1000 3127 1064 3198 sed
1085 3147 1131 3197 ex
1146 3127 1255 3200 unica

143 3268 303 3321 summae
321 3245 547 3318 auctoritatis
563 3245 835 3318 constitutions.

186 3361 285 3436 Haec
301 3368 424 3435 autem
439 3362 534 3433 inter
550 3381 589 3432 se
606 3381 679 3432 non
693 3365 912 3455 repugnant.
931 3359 1074 3430 Etenim
1089 3377 1262 3431 necessse

142 3476 234 3570 rium
259 3466 337 3551 erat
361 3477 642 3572 unumquodque
667 3475 787 3569 genus
812 3497 856 3548 ea
880 3475 1099 3569 proprietate
1126 3481 1252 3546 notare

173 3675 204 3737 (¹)
220 3675 278 3730 «Le
288 3673 444 3739 despotisme
455 3687 483 3724 ss
493 3672 564 3725 ruint
574 3672 589 3724 t
598 3672 733 3724 lui-meme
738 3687 746 3737 ;
757 3676 813 3724 tout
821 3671 924 3723 estvide
934 3677 1028 3723 autonr
1040 3670 1128 3722 delui.
1139 3687 1153 3720 r
1165 3671 1219 3735 (Vl,
1230 3670 1255 3733 1,

141 3754 300 3900 ¹“tra
