2782 4950
612 320 771 384 ..18-

181 456 308 527 Totam
320 455 413 526 hanc
426 455 674 548 quaestionem
688 454 895 527 excutiendi
908 476 982 526 non
993 455 1170 527 hic‘locus
1182 463 1248 528 ost.

134 571 339 644 Monstrare
364 577 507 642 tantum
538 571 704 642 volumus
736 570 873 641 nullam
887 573 1120 642 'societatum
1142 572 1253 644 scien·

134 687 224 783 tiam
251 710 333 760 esse
354 709 462 781 posse
479 687 520 758 si
545 686 612 759 hac
636 687 730 779 lege
744 686 960 772 liberentur}
986 687 1252 760 animadvertas

135 811 270 890 autem,
286 804 439 876 scientia
450 803 925 897 deficienteartem'ipsam,
940 811 981 873 ut
992 803 1251 894 vidimus,'uno

137 922 335 1014 eodemque
350 929 521 1015 tempore
537 938 763 993 'evanescere
790 927 856 991 aut
878 926 976 992 certe
997 921 1250 1014 nescioquam

133 1039 356 1124 facultatem,
374 1044 516 1132 praeter
534 1038 711 1110 rationem
725 1042 898 1122 nostram,
913 1036 1154 1110 adhibendam
1170 1061 1251 1111 esse

136 1156 181 1226 ad
207 1162 401 1250 praecepta
426 1156 542 1226 uitae·
568 1153 801 1225 instituenda.
840 1153 1024 1240 Getarum,
1044 1175 1145 1225 cum
1184 1155 1252 1226 hoc

130 1271 428 1366 principiumex
447 1293 517 1364 quo
533 1293 593 1343 res
607 1271 798 1350 universae
816 1277 914 1342 arcte
933 1272 1028 1343 inter
1044 1279 1254 1344 sementum

134 1396 207 1487 tur,
225 1389 262 1459 in
278 1389 417 1481 reliqua
430 1394 561 1459 natura
570 1389 646 1480 jam
663 1390 803 1481 experti
818 1389 938 1459 simus
959 1401 1077 1481 neque
1091 1405 1252 1484 unquam

133 1505 265 1575 falsum
281 1505 489 1594 occurrerit,
506 1504 603 1576 idem
617 1504 706 1583 etin
722 1505 957 1581 societatibus
968 1505 1148 1594 humanis„
1162 1529 1252 1599 quae

133 1623 319 1693 innatum
334 1622 579 1706 continentur,
598 1621 718 1693 valere
744 1621 1042 1693 verisimillimum
1058 1628 1128 1694 est.
1154 1623 1252 1694 Nihil

131 1738 231 1817 enim
252 1743 374 1810 rectae
398 1737 568 1826 methodo
593 1737 712 1828 magis
735 1737 955 1810 contrarium
979 1745 1036 1811 est
1052 1749 1171 1830 quam
1197 1747 1252 1811 tot

132 1861 181 1955 et.
198 1855 476 1949 tantaspin-illa
504 1853 643 1945 regula
659 1855 897 1948 exceptiones
924 1856 1069 1947 fingere
1098 1877 1252 1948 quarum

133 1994 180 2043 ue
210 1971 323 2042 unum
351 1971 496 2064 quidem
527 1971 729 2064 exemplum
760 1972 940 2042 novimus.
971 1971 1078 2070 Multi
1107 1973 1251 2066 quidem

135 2086 347 2180 objecerunt
373 2087 467 2180 hanc
493 2087 751 2159 necessitatem
783 2110 866 2159 cum
896 2087 1052 2158 humana
1083 2088 1251 2162 libertate

135 2204 317 2275 conciliari
332 2225 406 2275 non
421 2225 547 2297 posse3
572 2202 666 2274 hanc
690 2212 812 2276 autem
837 2204 1132 2298 disputationem,
1149 2213 1192 2278 ut
1215 2207 1253 2277 in

134 2321 203 2391 alio
219 2320 308 2392 libro
319 2322 395 2413 jam
413 2320 581 2404 diximus,
600 2340 765 2392 amovere
786 2321 959 2393 debemus
972 2321 1023 2412 (¹).
1045 2321 1204 2410 Etenim,
1223 2325 1253 2393 si

133 2437 285 2509 liberum
319 2436 473 2508 hominis
505 2435 690 2508 arbitrium
727 2437 832 2530 leges
866 2437 1092 2510 necessarias
1126 2461 1253 2511 revera

133 2553 240 2638 tollit,
269 2567 352 2626 cum
384 2554 554 2624 voluntas
580 2552 619 2623 in
645 2554 752 2625 rebus
778 2555 935 2626 externis
957 2577 996 2627 se
1011 2555 1252 2628 'manifestam

133 2671 339 2742 necessario
357 2669 500 2755 efficiat,
518 2669 710 2756 nonmodo
727 2677 898 2761 mentem,
915 2671 1101 2742 sedetiam
1118 2693 1251 2766 corpus

134 2794 171 2878 et
186 2808 245 2858 res
261 2787 476 2857 inanimatas
493 2787 588 2857 omni
606 2787 728 2858 ordine
744 2787 897 2879 ideoque
913 2788 1251 2883 scientia‘expertes

133 2926 214 2976 esse
241 2902 489 2996 accipiendum
511 2910 579 2974 est.
605 2904 656 2973 At
683 2923 788 2974 nemo
816 2910 874 2976 est
898 2903 1070 2975 hodierno
1088 2911 1251 3000 tempore

134 3019 196 3112 qui
225 3019 409 3112 disputare
432 3018 575 3090 audeat
604 3040 694 3106 num
721 3025 881 3090 naturae·
906 3019 1079 3091 scientiae
1105 3020 1250 3094 institui

132 3135 292 3230 possint3
317 3157 391 3205 non
419 3140 478 3205 est
502 3135 742 3228 cur-politica
766 3135 918 3213 scientia
938 3135 1065 3208 eodem
1077 3135 1159 3228 jure
1178 3160 1251 3211 non

132 3251 298 3322 fructum·
877 3319 879 3325 ,
1058 3264 1061 3269 ’

135 3430 150 3466 ¹,-
176 3365 352 3438 Homines
367 3372 488 3438 autern
510 3371 548 3446 et
564 3366 644 3462 'ipsi
673 3367 877 3461 philosophi
894 3374 1024 3448 natura
1039 3369 1142 3463 proni
1162 3378 1250 3443 sunt

132 3481 176 3566 ad
187 3486 261 3556 -hoc
280 3482 495 3577 principium
509 3505 531 3555 e
545 3483 653 3570 rebus
664 3485 1088 3578 politicisrejiciendum.
1103 3486 1249 3558 Etenim

132 3601 431 3693 quemadmodum
443 3601 667 3686 nullasalias
678 3603 861 3673 actionum
873 3608 1077 3673 nostrarum
1087 3603 1248 3676 rationes
1271 3591 1272 3594 ¹

132 3738 214 3794 esse
235 3717 348 3808 vulgo
362 3716 553 3788 credimus
572 3716 643 3800 nisi
661 3740 730 3788 eas
748 3739 853 3810 ,quae
868 3719 933 3789 sub
958 3719 1249 3792 luce-conscien-

131 3832 205 3904 tiae
216 3833 448 3905 voiuntatem-
457 3840 619 3905 nostram
636 3834 806 3913 videntur
814 3836 1005 3926 inclinare,
1032 3844 1247 3931 ceterasque

131 3971 311 4041 negamus
322 3971 403 4024 esse
418 3952 868 4051 quiaeasnonsentimus3
878 3953 941 4044 ita,
952 3953 990 4024 in
1003 3953 1168 4026 civilibus
1181 3956 1249 4026 ins-

131 4066 265 4171 titudo,
284 4068 403 4139 causis
417 4090 512 4160 quae
527 4069 681 4153 maxime
697 4069 914 4164 conspicuae
936 4077 1022 4151 sunt
1042 4071 1117 4141 vim
1137 4073 1248 4147 mexi-

138 4395 143 4409 .
160 4317 247 4382 esne
259 4317 421 4370 unionum
432 4319 471 4375 ou
483 4319 685 4399 travailsoohh
703 4318 865 4390 altilia.
