2782 4950
622 327 779 389 ..36-

149 479 272 530 omnes
289 457 425 540 existit,
447 457 614 548 quoniam
630 458 789 530 civitatis
804 457 934 543 anima,
954 458 984 527 si
1002 456 1121 529 dicere
1135 448 1256 541 liceat,

148 576 322 668 cujusque
338 572 450 644 menti
463 571 608 659 insidet,
627 596 668 646 ac
691 578 828 659 eontra,
851 595 897 645 ex
916 572 1088 645 universa
1109 572 1259 665 frugali·

147 696 236 775 tete,
265 689 322 760 sui
347 709 445 760 amor
469 690 548 783 ipsa
568 690 718 761 materie
739 696 826 782 eget
851 710 921 782 qua
946 689 993 759 ali
1015 690 1144 783 possit.
1164 690 1257 764 Cum

146 807 193 876 in.
215 807 391 900 cujusque
418 806 641 877 conscientia
667 826 710 877 ea
745 827 841 899 pers,
872 827 963 898 quae
991 807 1179 877 civitatem
1202 829 1259 878 ex·

145 921 267 1016 primit
289 922 383 994 etin
403 921 567 993 omnibus
590 920 716 993 eadem
741 928 810 1011 est,
840 922 957 1015 ampla
982 930 1019 995 et
1044 921 1166 993 valida
1198 924 1256 1006 sit,

145 1034 207 1108 illa
233 1042 359 1108 contra
383 1058 473 1126 quae
500 1059 568 1109 nos
592 1044 735 1109 tantum
762 1044 979 1130 nostrasque
1007 1038 1170 1130 privatas
1200 1060 1257 1110 res

144 1153 293 1247 respicit
322 1154 457 1245 exigua
495 1159 532 1226 at
569 1153 732 1238 imbellis,
770 1153 883 1240 cives,
918 1174 993 1226 non
1026 1154 1064 1223 vi
1103 1160 1256 1226 externa

143 1268 301 1362 impulsi,
322 1268 386 1341 sed
405 1269 543 1362 impetu
566 1270 733 1358 naturali,
756 1293 775 1339 a
799 1291 838 1341 se
858 1269 961 1363 ipsis,
985 1276 1028 1342 ut
1048 1269 1101 1341 ita
1126 1267 1255 1357 dicam,

145 1385 394 1456 adcommune
410 1385 542 1456 bonnm
562 1391 837 1456 convertuntur.
1133 1378 1136 1382 “

149 1526 164 1560 ·.
176 1511 177 1515 ’
188 1499 314 1592 Longe
330 1501 398 1570 alia
414 1507 472 1572 est
489 1499 718 1573 Monarchiae
735 1507 876 1573 natura.
892 1502 934 1572 ln
948 1524 991 1574 ea
1007 1504 1126 1574 omnia
1142 1506 1258 1577 officia

143 1639 217 1689 non
235 1618 340 1689 modo
357 1616 534 1710 publicae,
545 1618 609 1688 sed
623 1618 1012 1710 etiamprinataenitao
1027 1620 1122 1693 inter
1138 1623 1257 1694 varias

144 1733 277 1805 civium
292 1729 439 1815 classes,
453 1731 673 1805 dividuntur.
698 1734 770 1803 Alii
793 1733 1064 1825 agriculturam,
1081 1737 1142 1806 alii
1166 1759 1258 1810 com-

131 1850 327 1933 mercium,
354 1849 413 1918 alii
435 1855 532 1920 artes
560 1849 684 1920 colunt
698 1850 760 1943 (¹);
785 1856 871 1921 sunt
898 1852 958 1943 qui
982 1852 1087 1944 leges
1117 1862 1255 1946 creant,

144 1966 206 2058 qui
222 1965 348 2036 contra
364 1963 427 2036 eas
446 1973 696 2057 exsequuntur
715 1966 788 2038 sive
800 1960 1009 2058 judicando
1028 1967 1104 2039 sive
1123 1971 1257 2060 guber-

142 2082 261 2152 nando
272 2080 391 2174 (²),ac
405 2077 542 2153 ‘nemini
558 2081 644 2152 licet
657 2104 677 2151 a
689 2088 789 2175 parte
806 2103 872 2152 sua
884 2081 1069 2155 discedere
1087 2085 1255 2156 alienam-

144 2196 390 2291 queinvadere
399 2197 452 2288 (³).
463 2197 589 2289 ltaque
598 2191 1255 2295 Monarchiaprincipisuniusimperio

142 2314 386 2386 definirinon
412 2312 545 2405 potest.
577 2312 746 2385 Ceterum
784 2313 862 2406 ipse
896 2306 1125 2386 Secundatus
1156 2306 1256 2390 addit

140 2429 276 2499 nullam
293 2427 503 2499 societatem
513 2427 582 2500 hcc
594 2429 736 2500 nomine
752 2423 1001 2521 appellandam
1015 2451 1095 2502 esse
1109 2432 1254 2504 'etiamsi

141 2545 185 2616 ab
210 2549 471 2634 unoregatur,
499 2544 536 2613 ni
559 2543 664 2635 leges
685 2544 760 2615 sint
784 2545 877 2617 fixae
901 2551 1070 2640 rataeque
1086 2569 1105 2619 e
1123 2550 1254 2642 quibus

139 2683 204 2733 rex
216 2660 396 2752 gubernet
409 2680 569 2755 quasque
585 2660 728 2731 arbitrio
744 2681 809 2732 suo
824 2668 963 2733 mutare
976 2685 1049 2734 non
1060 2666 1209 2760 valeat(
1226 2669 1251 2758 ).

138 2776 216 2848 Hoc
230 2782 351 2847 autem
364 2775 527 2846 continet
542 2781 661 2847 certos
680 2775 823 2847 ordines
841 2798 922 2848 esse
942 2779 1002 2871 qui
1014 2778 1123 2872 hujus
1135 2789 1256 2873 potes·

137 2898 248 2964 tatem
265 2891 512 2964 moderentur.'
527 2891 699 2974 Quamvis
712 2890 821 2985 supra
833 2914 895 2965 eos
909 2900 995 2979 stet,
1005 2898 1253 2968 necessarium

136 3015 259 3082 tamen
289 3015 347 3080 est
365 3006 515 3079 'eosdem
544 3007 761 3099 quadamlvi
790 3009 933 3103 propria
960 3011 1142 3103 praeditos
1169 3035 1251 3086 esse

134 3146 252 3216 neque
267 3125 355 3195 adeo
371 3123 528 3218 principi
549 3124 703 3216 impares
729 3130 771 3195 ut
794 3125 827 3196 ei
850 3126 1021 3198 resistere
1048 3138 1245 3220 nequeant.

134 3239 252 3331 Finge
269 3240 366 3311 enim
375 3235 465 3309 'huic
482 3239 689 3311 auctoritati
700 3238 789 3309 nihil
803 3240 945 3312 obstare
961 3238 1084 3312 :nulla
1093 3245 1155 3316 lex
1168 3260 1253 3318 esse¹

135 3362 257 3449 potest
284 3376 375 3448 quae
392 3355 571 3449 'principis
593 3356 818 3427 voluntatem
842 3354 1041 3444 contineat,
1056 3368 1250 3454 propterea

135 3472 230 3569 quod
256 3472 370 3564 le'ges·
388 3471 488 3566 ipsae
517 3471 560 3541 ab
592 3471 700 3542 unica
728 3471 807 3564 eJus
833 3473 1021 3546 voluntate
1036 3476 1245 3568 pendeant.

164 3668 194 3732 (1)
211 3667 442 3732 «Pourquel'etat
457 3648 648 3732 monarchique
663 3683 692 3718 se
708 3667 855 3732 scotienne,
865 3668 889 3720 le
901 3670 961 3721 lnxe
976 3670 1029 3721 doit
1045 3670 1110 3722 aller
1119 3662 1157 3722 ”en
1170 3660 1250 3725 crois-

132 3749 246 3812 sa'nt,dn
258 3748 399 3800 labourenr
411 3744 566 3813 a'l’artisa'n,
575 3762 606 3798 au
619 3744 767 3813 negociam,
776 3763 828 3800 anx
838 3750 939 3815 nobles,
948 3764 998 3802 anx
1011 3751 1166 3818 magistrats,
1176 3760 1247 3807 cte.»

130 3829 247 3893 (nnn.)

26 3967 27 3970 ,
138 3907 327 3972 ·(¹le25·‘·
574 3905 579 3913 ’

162 3991 195 4052 (³)
212 3988 328 4039 «Toutes
339 4003 383 4038 ces
394 3988 568 4053 prerogatives
579 3993 667 4038 seront
678 3987 856 4052 particulidres
873 3990 923 4041 ila
940 3990 1060 4042 noblessc
1074 3996 1099 4041 et
1114 4005 1149 4044 ne
1164 4009 1247 4058 passe·

131 4076 191 4123 rent
202 4069 274 4134 point
285 4083 319 4120 an
330 4069 431 4132 penple',
443 4068 466 4118 si
477 4069 529 4119 l’on
541 4069 575 4118 ne
586 4073 646 4119 rent
656 4070 774 4134 choquer
784 4069 809 4120 le
825 4069 942 4134 principe
959 4071 994 4121 dn
1010 4083 1243 4136 gouvernement.r

130 4149 172 4213 (V,
182 4149 218 4212 9.)
228 4174 261 4186 -
272 4149 315 4199 ‹11
326 4153 365 4199 est
375 4152 465 4199 contre
475 4147 575 4212 l’esprit
585 4149 620 4200 dn
631 4162 777 4200 commerce
788 4163 838 4213 qne
849 4149 874 4200 la
891 4150 1011 4202 noblesse
1027 4152 1052 4202 le
1066 4152 1133 4203 lasse
1144 4155 1210 4206 dans
1221 4157 1244 4206 la

130 4229 314 4281 monarchie.»
326 4229 393 4292 (XX,
403 4227 447 4279 21:
455 4228 493 4279 Cf.
505 4229 550 4292 xl,
561 4227 598 4293 6.)

162 4312 193 4374 (⁴)
209 4309 279 4374 11,·1.
