2782 4950
610 315 766 376 ..13-

128 457 263 538 tamus,
300 471 383 523 curn
415 449 552 522 ratione
585 450 721 520 utimur
752 470 818 520 seu
851 449 896 519 ad
927 468 1047 520 rerum
1080 454 1246 518 naturam

131 566 378 652 scrutandam,
393 587 471 640 ⁴seu
498 565 544 637 ad
567 570 762 660 praecepta
784 565 883 637 vitae
906 562 1093 648 edicenda,
1114 564 1156 634 ad
1186 585 1245 635 res

130 683 370 768 redeundum,
387 703 477 775 ergo
494 683 539 754 ad
558 683 759 754 scientiam.

177 801 228 872 At
247 799 413 893 primurn,
442 819 526 870 cum
552 799 749 892 scriptores
771 819 858 869 suas
884 797 941 869 his
971 798 1016 868 de
1044 798 1152 869 rebus
1176 798 1251 891 opi·

131 917 262 989 niones
281 915 522 990 sconditione
546 915 706 987 humana
727 915 848 1010 potius
864 935 1007 1007 quamn
1023 920 1122 986 statu
1137 914 1249 986 socie-

131 1039 252 1106 tatum
280 1031 459 1105 deducera
497 1033 649 1122 soleant,
680 1033 772 1104 haec
800 1031 966 1120 scientia,
999 1031 1030 1102 si
1063 1030 1169 1101 modo
1207 1051 1254 1102 eo

133 1148 279 1221 nornine
305 1148 360 1219 uti
387 1148 505 1237 liceat,
530 1149 619 1218 nihil
645 1148 740 1241 quod
772 1169 858 1219 vere
885 1147 1072 1241 politicum
1099 1147 1149 1218 sit
1174 1146 1252 1241 ple-

133 1285 285 1357 rumque
313 1266 351 1336 in
375 1287 415 1336 se
444 1264 618 1336 continet.
646 1264 740 1348 Quid
765 1264 883 1335 enimi
908 1262 1001 1336 Cum
1028 1262 1252 1334 demonstra·
1355 1273 1358 1282 '

134 1390 214 1453 tum
229 1387 287 1453 est
301 1381 466 1455 homines
486 1381 531 1452 ad
554 1382 757 1454 libertatem
779 1387 887 1453 natos
917 1401 1012 1466 esse,
1035 1385 1101 1451 aut
1127 1386 1254 1451 contra

137 1497 332 1571 securitate
349 1504 433 1570 ante
455 1498 576 1569 omnia
594 1517 719 1589 egere,
748 1502 786 1568 et
806 1497 890 1568 inde
915 1495 1144 1568 concluditur
1167 1485 1274 1590 quo?

135 1613 243 1686 modo
273 1613 483 1707 respublica¹
516 1613 689 1685 constitui
720 1613 861 1698 debeat,
903 1614 965 1684 ubi
1003 1619 1062 1685 est
1101 1609 1255 1685 scientia

136 1728 309 1821 politicar
343 1728 525 1822 Quidquid
559 1729 597 1799 in
634 1729 680 1799 iis
720 1729 1027 1822 disputationibus
1063 1730 1254 1802 scientiam

137 1845 310 1931 imitatur,
329 1845 374 1918 ad
388 1845 664 1940 psychologiam
680 1846 851 1939 pertinet,
874 1843 1047 1939 quidquid
1069 1853 1189 1919 autem
1208 1848 1255 1918 ad

139 1962 335 2054 politicam,
352 1985 412 2033 ars
427 1968 505 2048 est;
521 1968 597 2047 aut,
614 1962 645 2032 si
667 1963 751 2054 quid
772 1962 865 2034 forte
878 1964 922 2033 ad
943 1984 1079 2034 moram
1094 1963 1256 2058 politica·

140 2100 220 2150 rum
243 2099 362 2151 rerum
386 2077 666 2173 descriptionem
688 2085 731 2162 et
752 2079 1088 2173 interpretationem
1107 2079 1259 2164 attinet,¹

138 2193 208 2267 hoc
223 2200 324 2269 certe
340 2195 514 2268 minorem
534 2194 806 2288 secundumque
827 2195 946 2267 locum
964 2195 1114 2268 obtinet.
1134 2193 1255 2287 Hujus

139 2312 288 2404 generis
308 2317 367 2384 est
385 2310 595 2383 Aristotelis
614 2311 780 2383 doctrina
804 2310 849 2384 de
870 2312 991 2382 causis
1011 2333 1103 2404 qnae
1123 2312 1258 2384 consti-

139 2429 300 2504 tutiones
319 2432 463 2500 mutant
474 2433 544 2500 aut
555 2410 737 2500 auertunt.

181 2543 378 2616 Praeterea
408 2543 576 2628 scientia,
612 2564 696 2614 curn
733 2549 809 2616 arte
851 2544 1036 2629 miscetur,
1073 2545 1253 2616 sinceram

140 2667 307 2733 naturam
323 2681 425 2731 suam
442 2681 587 2732 servare
603 2659 744 2752 nequit,
758 2659 825 2730 sed
839 2660 877 2730 in
898 2662 1021 2733 nescio
1045 2661 1129 2754 quid
1150 2661 1259 2732 ambi-

142 2798 256 2870 guum
275 2776 442 2849 vertitur.
460 2777 531 2847 Ars
550 2777 659 2861 enirn,
676 2798 760 2848 cum
779 2777 817 2846 in
841 2783 926 2848 actu
947 2778 1136 2863 consistat,
1159 2777 1257 2848 iesti-

109 2956 112 2957 γ
141 2915 227 2967 nare
247 2893 394 2985 cogitur
417 2894 691 2987 scientiamque,
716 2915 825 2987 quam
849 2893 887 2964 in
915 2915 955 2966 se
982 2895 1103 2979 habet,
1132 2915 1259 2966 secum

142 3011 236 3105 rapit
249 3017 290 3084 et
303 3017 432 3104 urget3
449 3012 603 3084 scientia
618 3017 741 3082 autem
751 3017 889 3083 tantam
901 3012 1170 3085 festinationem
1182 3034 1256 3084 non

142 3128 288 3220 patitur.
318 3127 415 3200 Nam·
439 3129 581 3221 quoties
608 3127 802 3221 inquiritur
827 3127 913 3221 quid
940 3129 1125 3222 agendum
1150 3130 1199 3201 sit
1212 3169 1259 3183 -

144 3244 239 3336 quod
265 3245 453 3340 proprium
474 3245 563 3316 artis
589 3266 724 3315 munus
750 3251 810 3316 est
824 3283 869 3299 ·-
884 3266 957 3316 non
987 3246 1150 3318 cunctari
1176 3247 1256 3319 sine

143 3360 215 3434 fine
229 3361 335 3447 licet3
361 3363 427 3435 sed
447 3383 554 3454 quam
578 3361 846 3455 promptissima
866 3362 1159 3457 respondendum
1185 3369 1254 3449 est,

145 3477 230 3570 quia
248 3477 458 3550 vivendum.
485 3477 523 3548 Si
545 3477 676 3550 civitas
698 3477 849 3563 laborat,
879 3499 953 3550 non
979 3479 1076 3549 dubii
1105 3478 1255 3550 haerere

144 3615 338 3687 possumus
357 3596 443 3666 dnm
460 3594 609 3689 politica
623 3594 777 3666 scientia
790 3595 903 3666 morbi
920 3593 1088 3667 naturam
1100 3595 1260 3689 descrip-

145 3710 233 3784 serit
248 3717 288 3785 ct
307 3733 439 3783 causas
454 3713 648 3806 repererit;
667 3711 732 3783 sed
752 3713 831 3784 sine
853 3732 953 3784 mora
975 3712 1161 3804 agendum
1186 3718 1257 3783 est.
1303 3704 1305 3712 '
1375 3798 1379 3803 ἡ

145 3829 327 3914 Attamen,
358 3831 443 3921 quia
476 3850 603 3901 sumus
631 3835 753 3900 mente
783 3829 936 3922 praediti
968 3835 1006 3900 et
1040 3828 1259 3900 deliberandi

145 3943 330 4030 facultate,
350 3964 424 4017 non
445 3950 585 4017 temere
607 3943 852 4030 decemimus
875 3945 996 4029 immo,
1025 3965 1176 4016 necesse
1202 3951 1260 4016 est

146 4058 393 4152 intelligamus
425 4067 489 4132 aut
519 4061 640 4155 potius
673 4061 879 4152 intelligere
917 4061 1107 4133 credamus
1142 4062 1260 4132 consi-

147 4175 494 4250 liorum-nostrorum
519 4180 689 4251 rationes.
715 4177 843 4270 Itaque
865 4178 960 4249 lacta
985 4199 1076 4271 quae
1100 4178 1260 4272 nobispin

149 4299 314 4388 promptu
342 4300 428 4367 sunt
452 4293 672 4386 colligimus,
696 4293 927 4381 conferimus,
955 4295 1122 4368 celeriter
1144 4295 1259 4369 inter·
