2782 4950
669 320 829 385 ..43-

197 455 296 526 nulla
312 461 374 527 aut
388 461 622 527 1aratantum
637 454 960 528 commerciainter
975 475 1036 526 eos
1053 455 1216 527 existere
1233 475 1318 550 pos·

197 572 281 657 sint,
300 593 423 644 eorum
438 571 540 667 copia
551 571 686 644 nullius
703 573 854 674 effectus
872 577 942 643 est.

241 891 423 979 Ceterum,
446 898 588 986 praeter
609 892 703 964 hanc
726 912 885 978 causam,
911 893 1034 986 plures
1058 892 1145 963 alias
1174 893 1316 965 Secun-

196 1008 303 1079 datus
327 1008 426 1081 addit
448 1030 538 1103 quae
561 1030 626 1102 per
655 1030 695 1082 se
709 1009 880 1082 ¹nonnihil
899 1010 1024 1082 valent
1044 1008 1090 1080 ad
1113 1009 1314 1082 societates

196 1122 482 1197 constituendas.
496 1125 570 1198 Eae
584 1129 671 1196 sunt
687 1125 730 1198 de
745 1123 874 1218 quibus
886 1117 1104 1220 interpretes
1116 1127 1313 1220 praecipue

196 1239 457 1313 disseruerunt.
477 1240 536 1313 Sic
555 1248 685 1314 natura
707 1241 787 1330 soli,
810 1241 841 1312 si
856 1241 895 1312 in
917 1240 1032 1314 vastis
1055 1240 1312 1335 continuisque

195 1357 329 1451 campis
345 1357 525 1446 consistit,
543 1351 755 1450 Tyrannidis
771 1356 989 1447 institutioni
1004 1356 1104 1431 favet
1119 1363 1314 1450 propterea

195 1473 291 1567 quod
304 1495 439 1566 magna
454 1473 603 1566 imperia
618 1473 667 1544 ibi
682 1473 822 1544 facilius
840 1494 920 1546 seso
933 1479 1090 1566 possunt
1101 1472 1309 1546 extendere.

193 1589 367 1662 Montana
389 1596 515 1663 contra
537 1596 600 1662 aut
620 1590 759 1662 insulae
783 1589 961 1662 libertatis
985 1609 1088 1661 arocs
1111 1596 1200 1662 sunt
1226 1593 1315 1683 quia

193 1706 364 1800 principis
388 1707 582 1779 auctoritas
606 1706 787 1778 montibus
809 1713 873 1777 aut
896 1727 1028 1778 oceano
1052 1704 1153 1798 quasi
1173 1705 1314 1797 frangi·

193 1823 320 1916 turp).
338 1823 421 1897 Non
436 1823 540 1895 modo
558 1829 674 1896 terrae
690 1824 814 1906 forma,
832 1822 896 1894 sed
912 1823 1025 1914 ipsius
1046 1827 1175 1894 natura
1192 1822 1314 1895 consi·

194 1939 351 2010 donanda
374 1946 442 2012 est.
467 1940 649 2024 Quaedam
672 1939 856 2024 sterilitas,
880 1959 963 2011 cum
990 1938 1127 2010 animos
1146 1940 1190 2008 ad
1216 1939 1314 2010 labo·

186 2059 269 2126 'rem
291 2062 329 2127 et
348 2056 594 2148 frugalitatem
612 2056 785 2150 impellat,
808 2054 1037 2149 Reipublicae
1057 2054 1153 2125 viam
1173 2055 1311 2148 aperit3

183 2170 360 2241 'fertilitas
384 2175 520 2260 contra,
546 2193 636 2265 quae
662 2170 867 2242 divitiarum
890 2191 1048 2242 amorem
1076 2169 1312 2263 privataeque

193 2286 361 2358 utilitatis
387 2291 510 2358 curam
535 2288 683 2376 excitat,
708 2285 939 2358 Monarchiae
952 2288 1008 2377 (¹);
1033 2285 1173 2356 sivero
1198 2285 1314 2357 nimia

194 2404 263 2486 est,
290 2401 457 2494 gentium
485 2402 691 2474 inferiorum
713 2401 961 2475 Democratiae
974 2402 1036 2493 (⁸).'
1056 2401 1149 2474 Nam
1175 2407 1310 2486 terrae,

193 2538 275 2589 cum
296 2525 424 2613 sponte
444 2519 583 2591 fructus
606 2518 726 2604 edant,
751 2540 825 2591 nou
846 2519 1016 2591 coluntur
1036 2517 1189 2611 ideoque
1210 2518 1312 2590 iuter

193 2635 288 2705 cives
315 2655 388 2706 non
417 2634 638 2706 dividuntur.
668 2633 833 2727 Denique
862 2633 952 2707 caeli
979 2633 1077 2706 calor
1106 2635 1245 2705 animos
1270 2641 1312 2706 et

193 2773 341 2845 corpora
362 2750 544 2824 effeminat
567 2751 809 2844 hominesque
826 2750 872 2821 ad
896 2752 1111 2823 servitutem
1133 2749 1262 2843 cogit(
1280 2751 1307 2840 ).

236 2868 291 2938 Ex
305 2867 434 2940 iisdem
449 2889 536 2939 vero
555 2867 675 2938 causis
691 2888 765 2939 non
778 2866 884 2938 modo
904 2872 1035 2938 natura
1059 2865 1246 2938 societatis
1268 2873 1309 2939 et

191 2984 274 3056 inde
306 2988 423 3054 totum
448 2983 510 3075 jus
539 2981 743 3054 summatim
771 3002 834 3075 pro
866 2988 969 3075 parte
994 2980 1144 3074 pendet,
1172 2979 1237 3051 sed
1269 2989 1310 3053 et

191 3100 391 3193 peculiares
408 3096 583 3190 quaedam
598 3097 704 3189 leges
720 3097 812 3169 tales
830 3097 1036 3168 efficiuntur
1057 3095 1183 3188 quales
1204 3103 1306 3168 sunt.

180 3214 251 3284 'Sic
272 3214 404 3284 nimius
424 3212 514 3285 caeli
536 3215 640 3283 ardor
655 3234 841 3284 servorum
858 3212 903 3283 ad
922 3212 1083 3305 privatos
1098 3232 1188 3283 usus
1204 3211 1311 3284 insti-

190 3331 366 3403 tutionem
379 3331 419 3421 (s)
437 3336 475 3402 et
489 3333 550 3420 jus
565 3330 687 3423 plures
702 3329 854 3400 feminas
874 3326 1029 3400 habendi
1041 3328 1083 3420 (θ)
1102 3328 1309 3422 multosque

190 3444 407 3518 domesticos
428 3443 600 3536 mores(⁷)
625 3446 789 3515 suscitat.
816 3443 1009 3516 Praeterea
1032 3444 1309 3534 mentisoorpo-

189 3561 309 3655 risque
330 3560 633 3653 segnitiesquae
656 3560 739 3632 in'de
759 3560 933 3653 sequitur,
960 3561 1076 3652 leges,
1100 3558 1305 3651 religiones,

219 3824 250 3888 (¹)
265 3821 344 3885 xv11,
355 3821 380 3885 6,
393 3825 419 3872 et
427 3819 519 3885 xvln,
530 3819 555 3872 5.

218 3903 249 3968 (¹)
264 3900 380 3966 xv111,1
393 3902 453 3953 att.

217 3985 249 4047 (ἱ)
265 3981 382 4042 xv111,9
393 3987 419 4033 et
429 3997 469 4047 sq.

217 4065 248 4126 (ὅ)
264 4061 378 4124 xvl1‚2.

217 4143 247 4206 (³)
263 4143 317 4205 XV,
331 4140 355 4192 7.

195 4248 198 4252 -
216 4223 248 4286 (⁸)
263 4221 330 4283 xvl,
343 4220 366 4271 2.

217 4303 248 4366 (⁷)
264 4301 331 4365 XVI,
342 4300 381 4351 10.
