2782 4950
608 331 762 393 ..17-

129 464 237 548 bant;
266 470 396 535 natura
419 469 542 536 tamen
561 463 743 535 differunt.
768 462 864 547 Quin
888 463 1008 549 etiam,
1034 463 1130 557 apud
1152 484 1246 536 eum·

131 581 213 652 dem
230 582 403 674 populum
423 581 582 653 civitatis
605 580 771 671 regimen
795 578 1006 650 commutari
1030 575 1153 672 potest
1176 579 1246 650 etsi

130 697 288 790 populus
312 697 390 791 ipse
420 698 458 768 in
482 698 589 768 aliam
612 697 771 790 speciem
792 718 865 768 non
891 697 973 769 idco
996 697 1244 769 transferatur.

131 814 186 883 Ea
199 813 315 904 igitur
328 814 534 886 Aristotelis
555 813 683 885 divisio
704 813 747 886 de
768 813 984 885 societatum
1006 819 1138 886 natura
1156 812 1248 884 nihil

132 929 312 1023 exprimit.
344 929 561 1026 Philosophi
583 937 705 1002 autem
734 930 796 1025 qui
823 928 952 1001 dehis
982 929 1090 1002 rebus
1120 935 1249 1024 postea

133 1047 359 1139 scripserunt
384 1047 547 1120 eamdem
580 1047 712 1119 imitati
744 1052 831 1118 sunt
857 1066 975 1140 neque
1004 1046 1115 1118 ullam
1144 1045 1250 1117 aliam

132 1171 340 1250 tentavere3
359 1164 507 1236 scilicet
532 1163 710 1234 humanas
733 1163 930 1236 societates
946 1162 1041 1235 inter
1058 1185 1097 1236 se
1112 1183 1252 1258 compa·

133 1282 204 1352 rari
228 1303 337 1376 posse
360 1301 435 1353 non
459 1280 669 1367 credebant,
692 1280 763 1350 nisi
781 1280 876 1373 quod
895 1279 941 1350 ad
954 1278 1172 1374 reipublicae
1187 1281 1252 1350 lor·

134 1420 228 1470 marn
246 1396 390 1471 attinet.
410 1397 543 1471 Cetera
559 1403 681 1470 autem
701 1418 792 1490 quae
812 1396 858 1468 ad
874 1417 1005 1483 mores,
1024 1395 1250 1490 religionem,

134 1513 402 1598 commercium,
428 1513 610 1599 familiam,
638 1519 724 1599 etc,
755 1518 936 1606 spectant,
962 1512 1014 1583 ita
1045 1512 1192 1584 fortuita
1216 1518 1254 1583 et

135 1629 382 1702 inconstantia
399 1651 478 1702 esse
495 1630 708 1701 videbantur
728 1637 771 1702 ut
790 1630 889 1702 eaad
904 1651 1043 1722 genera
1058 1635 1096 1701 et
1112 1629 1253 1724 specics

136 1744 309 1818 reducere
326 1767 432 1819 nemo
448 1747 662 1839 susceperit.
680 1748 854 1820 Attamen
871 1768 915 1818 ea
928 1753 1015 1818 sunt
1036 1767 1126 1840 quae
1141 1756 1255 1840 popuss

137 1864 253 1936 lorum
267 1870 421 1936 naturae
436 1864 585 1959 penitus
601 1863 809 1951 inhaerent;
836 1886 881 1937 ea
902 1868 961 1936 est
980 1884 1069 1936 vera
1087 1862 1255 1959 politicae

139 1982 235 2055 vitae
254 1981 408 2075 ideoque
425 1982 600 2055 scientiae
616 1982 780 2056 materia.

672 2335 726 2410 III

185 2565 238 2636 At
265 2562 460 2658 descriptio
486 2565 623 2655 gradus
649 2563 796 2634 infimus
824 2563 996 2636 scientiae
1022 2551 1113 2657 quae
1140 2582 1260 2637 rerum

145 2681 443 2775 interpretatione
459 2687 602 2752 tantum
620 2681 830 2751 absolvitur.
849 2681 907 2751 Ad
923 2681 1260 2776 interpretationem

145 2805 265 2870 autam
280 2798 376 2868 aliud
388 2798 584 2891 requiritur
595 2797 690 2891 quod
706 2797 744 2867 in
756 2797 862 2869 factis
879 2797 1035 2891 politicis
1052 2819 1125 2870 non
1139 2797 1258 2869 minus

146 2915 205 2986 diu
219 2917 341 2988 inesse
357 2922 534 3008 negatum
552 2922 621 2987 est.

188 3033 262 3107 Res
278 3033 374 3106 enim
389 3032 619 3126 interpretari
631 3030 717 3103 nihil
736 3032 832 3103 aliud
849 3039 905 3104 est
921 3053 1027 3126 quam
1042 3031 1155 3119 ideas,
1172 3053 1261 3126 quas

147 3149 315 3222 derebus
333 3148 521 3234 babemus,
539 3148 662 3220 ordine
684 3155 783 3220 certo
809 3147 999 3243 disponere
1022 3150 1082 3241 qui
1102 3149 1197 3221 idem
1215 3138 1264 3221 sit

148 3273 256 3359 atque
279 3264 364 3337 ordo
389 3286 521 3337 rerum.
541 3264 645 3348 Quod
666 3270 788 3337 autem
808 3265 876 3337 hoc
898 3266 1072 3356 continet,
1093 3267 1132 3336 in
1154 3264 1262 3337 rebus

146 3384 235 3478 ipsis
256 3384 411 3456 eundem
428 3383 589 3456 ordinem
610 3383 779 3467 existere,
799 3382 836 3452 id
857 3388 914 3454 est
934 3382 1125 3454 continuas
1149 3381 1263 3454 series

148 3522 228 3574 esse
242 3521 393 3594 quarum
404 3507 527 3594 partes
542 3501 638 3572 inter
653 3520 693 3571 se
711 3499 764 3570 ita
779 3504 1041 3571 connectantur
1052 3505 1094 3570 ut
1110 3498 1264 3570 effectus

148 3617 301 3711 quisque
323 3617 487 3689 eamdem
514 3637 657 3710 semper
686 3635 834 3688 eausam
857 3613 1062 3688 necessario
1091 3621 1265 3709 sequatur

144 3753 266 3827 neque
283 3755 330 3806 ax
346 3733 514 3805 aliaoriri
532 3740 652 3828 queat.
677 3731 795 3824 Finge
816 3739 942 3805 contra
963 3731 1140 3803 sublatam
1154 3731 1264 3826 hujus

143 3871 265 3923 nexus
280 3851 538 3923 necessitatem
551 3857 589 3922 et
598 3850 751 3922 effectus
766 3849 845 3922 sine
860 3850 980 3922 causis
994 3857 1088 3922 aute
1107 3848 1266 3946 qnalibet

143 3988 261 4039 causa
284 3966 394 4060 gigni
420 3989 542 4061 posse,
578 3967 697 4039 omnia
728 3968 909 4062 extemplo
936 3967 1036 4039 fluxa
1063 3974 1101 4040 et
1118 3967 1266 4038 fortuita

142 4083 259 4169 frunt3
281 4083 461 4156 fluxarum
488 4090 610 4156 autem
634 4084 883 4180 interpretatio
913 4085 1013 4155 nulla
1035 4090 1102 4156 est.
1136 4083 1263 4177 Itaque

147 4200 361 4293 eligendum
382 4206 463 4274 est:
490 4207 635 4272 autres
661 4201 828 4294 politicae
855 4201 1028 4273 scientiae
1059 4207 1268 4295 repugnant

148 4323 214 4388 aut
233 4317 361 4391 eadem
375 4318 460 4410 lege
475 4318 726 4410 gubernantur
742 4336 814 4411 qua
831 4324 973 4391 ceterae
989 4316 1114 4389 mundi
1130 4323 1265 4410 partes.

1048 4462 1063 4511 2
