2782 4950
517 1229 826 1321 oououuslo

155 1628 198 1698 In
215 1649 282 1698 sua
297 1627 464 1721 politicae
488 1628 734 1721 philosophiae
752 1627 901 1699 historia
923 1629 965 1700 P.
988 1631 1111 1715 lauet,
1133 1638 1233 1724 post-

114 1764 221 1836 quam
253 1742 451 1814 Secundati
476 1741 676 1813 doctrinam
704 1743 886 1837 exposuit,
913 1747 1043 1816 merito
1069 1747 1234 1839 queritur

113 1860 208 1951 quod
243 1860 419 1952 plerique,
453 1858 514 1951 qui
549 1859 593 1930 de
631 1880 674 1930 eo
710 1858 949 1953 scripserunt,
986 1860 1053 1930 sibi
1090 1848 1235 1934 tantum

113 1996 332 2068 proposuere
360 1974 527 2065 singulos
556 1996 695 2046 errores
725 1997 815 2068 quos
832 1976 1026 2048 ⁴admiserit
1049 1979 1232 2071 persequi,

114 2090 284 2183 additque
303 2091 416 2160 multo
440 2090 571 2161 melius
597 2097 635 2163 et
658 2091 882 2183 aequabilius
903 2092 1067 2163 futurum
1093 2115 1174 2164 esse
1203 2095 1235 2163 si

115 2207 195 2300 quis
225 2212 394 2277 accurate
435 2205 661 2277 demonstret
703 2228 810 2298 quam
845 2208 962 2300 ampla
1005 2213 1043 2279 ct
1082 2209 1236 2279 obscura

112 2323 264 2393 materia
280 2329 381 2394 esset
397 2343 504 2414 quam
519 2328 644 2393 noster
661 2323 836 2416 suscepit,
849 2329 886 2394 et
899 2328 1034 2416 quanta
1045 2324 1082 2393 vi
1094 2325 1235 2415 ingenii

114 2437 309 2531 capotitus
329 2438 438 2527 site).
465 2437 544 2509 Hoc
565 2444 623 2508 est
650 2436 745 2530 quod
772 2439 1009 2510 tentavimus.
1037 2438 1235 2510 Secundati

114 2553 209 2625 enim
227 2553 415 2644 opiniones
431 2552 475 2624 de
499 2553 656 2645 singulis
682 2553 954 2645 quaestionibus
976 2577 1067 2641 quae
1090 2555 1128 2624 in
1156 2555 1235 2647 ejus

112 2671 201 2741 libro
218 2669 417 2760 agitantur,
446 2670 722 2763 praeterivimus
746 2675 783 2740 et
807 2670 844 2738 in
869 2691 918 2741 eo
933 2676 1078 2741 tantum
1104 2675 1236 2742 consti-

113 2787 224 2857 timus
242 2785 336 2877 quod
352 2785 547 2879 praecipua
563 2786 642 2877 ejus
661 2785 742 2855 laus
760 2807 841 2856 esse
857 2785 961 2856 nobis
983 2785 1139 2857 videtur.
1160 2787 1236 2857 Sci·
1293 2857 1296 2862 .

113 2902 200 2973 licet
215 2923 422 2993 quanquam
438 2901 631 2993 cujuslibet
648 2902 822 2973 scientiae
836 2901 1014 2992 originem
1032 2901 1074 2971 ab
1090 2900 1159 2973 hoc
1172 2907 1236 2972 aut

113 3017 174 3087 illo
197 3017 341 3088 homine
367 3038 555 3089 numerare
578 3038 721 3109 semper
741 3017 821 3086 falsi
839 3017 972 3109 aliquid
993 3016 1116 3102 habet,
1132 3058 1177 3068 —
1193 3016 1237 3087 fit

114 3133 210 3204 enim
241 3132 358 3203 omnis
389 3132 543 3202 scientia
575 3154 594 3203 1
626 3132 808 3233 continuis
842 3133 1078 3204 incrementis
1114 3153 1234 3225 neque

114 3247 215 3318 facile
236 3248 307 3318 dici
327 3254 449 3340 potest
472 3269 541 3339 quo
557 3248 729 3340 temporis
745 3254 882 3340 puncto
900 3261 981 3319 esse
1003 3248 1237 3340 inceperit-

116 3371 253 3434 certum
270 3369 392 3433 tamen
408 3369 466 3434 est
478 3363 672 3458 praecipua
684 3363 853 3457 politicae
869 3363 1043 3450 scientiae
1061 3363 1237 3456 principia

116 3476 212 3569 apud
240 3475 490 3547 Secundatum
513 3477 668 3571 primum
691 3477 892 3548 constituta
916 3486 1002 3549 es'se
1013 3478 1066 3567 (²).
1090 3477 1172 3548 Non
1195 3499 1238 3548 ea

117 3590 262 3682 quidem
299 3591 482 3683 expressis
519 3592 639 3663 verbis
678 3592 864 3685 professus
904 3597 992 3676 est3·
1021 3612 1152 3683 nempe
1192 3591 1236 3662 da

118 3706 288 3777 scientiae
306 3705 573 3778 conditionibus
603 3730 710 3801 quam
733 3704 951 3779 instauravit
978 3729 1052 3778 non
1082 3707 1236 3778 multum

108 3952 120 3960 ”
146 3950 176 4017 (¹)
193 3951 314 4004 Histoire
325 3953 359 4002 dc
371 3952 398 4001 lu
409 3951 522 4004 Scieoce
529 3949 675 4016 polirique,
688 3950 765 4001 tertia
776 3951 864 4012 editio,
876 3949 1036 4014 11117111.

146 4031 177 4095 (¹)
194 4031 284 4083 Comte
294 4031 404 4097 quidem
420 4031 448 4082 in
464 4045 512 4083 suo
529 4031 613 4081 Caura
630 4032 663 4080 de
675 4031 846 4096 philosophie
859 4033 973 4096 11111111
988 4030 1041 4095 (IV,
1054 4029 1169 4094 tratas)
1182 4030 1239 4094 iam
1333 4045 1339 4053 ‘

116 4113 220 4181 agnovit
241 4120 371 4178 quantum
390 4112 555 4164 secundarius
574 4113 607 4163 de
626 4111 732 4176 politica
754 4112 864 4163 scientia
880 4112 991 4163 meritus
1010 4112 1051 4163 sit.
1077 4113 1132 4163 Hoc
1150 4117 1239 4163 autem

112 4191 243 4255 judicium
254 4193 438 4245 brevissimum
450 4197 497 4254 est,
509 4206 556 4255 pro
567 4198 640 4257 parte
651 4191 756 4255 salsum,
768 4197 797 4242 ut
809 4206 888 4256 supra
901 4191 1023 4256 vidimus,
1038 4206 1068 4243 ac
1083 4190 1239 4256 praesertim

115 4287 169 4325 non
180 4289 213 4325 ax
222 4280 320 4328 attenta
331 4290 361 4325 ac
372 4274 491 4338 diligenti
502 4274 636 4325 doctrinae
648 4272 818 4323 meditatione
829 4273 906 4338 sequi
916 4273 1027 4324 videtur.
