2782 4950
594 323 751 386 -20-

118 477 181 528 eas
202 455 372 528 dividere.
391 455 499 527 Nulla
514 456 609 528 enim
632 477 769 549 genera
787 457 825 527 in
844 459 952 529 rebus
972 459 1129 532 existere
1153 482 1235 554 pos·

119 579 206 644 sunt
221 571 291 644 nisi
308 573 381 644 sint
396 593 526 645 causae
544 595 635 668 quae
651 574 689 644 in
705 574 814 645 trariis
834 573 925 646 loeis
946 596 988 647 ae
1009 575 1237 671 temporibus

117 689 191 759 vim
230 711 332 760 suam
371 690 566 762 exhibeant
607 690 803 783 eademque
843 712 985 785 semper
1024 698 1062 764 et
1098 692 1237 786 abique

118 806 289 900 gignant.
312 808 504 880 Praeterea
525 807 555 878 si
576 807 767 900 legislator
788 807 901 879 vitam
922 808 1066 880 civilem
1088 807 1237 880 arbitrio

119 942 184 993 suo
205 922 374 994 instituat
394 928 431 994 et
450 929 569 1014 regat,
592 922 653 993 ubi
674 922 862 995 materiam
884 923 1038 1017 aliquam
1058 922 1236 996 scientiae

117 1037 305 1111 invenies‘l
330 1035 455 1109 Omnis
476 1037 572 1109 enim
596 1037 767 1110 scientiae
788 1038 938 1109 materia
957 1038 995 1108 iu
1019 1037 1127 1110 rebus
1150 1058 1238 1111 con·

119 1153 217 1225 sistit
233 1174 324 1246 quae
340 1161 470 1226 natura
483 1175 550 1225 sua
566 1159 665 1225 stant
684 1160 722 1227 et
737 1153 915 1226 humanae
931 1153 1110 1226 voluntati
1126 1154 1238 1226 reniti

117 1270 260 1357 valent;
276 1272 306 1341 si
319 1278 445 1344 eontra
456 1270 691 1342 ininfinitum
704 1270 807 1363 quasi
822 1268 1028 1342 tractabiles
1044 1269 1130 1356 sint,
1144 1266 1242 1341 nihil

117 1410 185 1460 nos
204 1388 404 1460 stimulabit
424 1395 467 1460 ut
492 1411 554 1461 eas
575 1388 821 1460 observemus.
847 1388 972 1474 Immo,
995 1383 1123 1460 iisdem
1144 1384 1238 1458 nihil

117 1505 225 1578 inerit
253 1505 347 1598 quod
374 1505 577 1578 observatio
606 1510 838 1598 assequatur3
868 1505 1010 1575 namsi
1039 1502 1125 1597 quid
1154 1523 1238 1598 pro-

118 1623 235 1717 prium
250 1645 315 1717 per
331 1643 370 1694 se
390 1622 558 1707 habeant,
579 1643 684 1693 nemo
707 1643 769 1693 eas
791 1621 836 1692 ad
854 1621 994 1692 libitum
1017 1640 1237 1715 componere

118 1740 262 1831 poterit.
282 1737 370 1810 Inde
386 1739 486 1810 litut
501 1737 655 1809 Politioa
676 1737 737 1808 diu
754 1758 812 1809 ars
828 1743 971 1809 tantum
987 1736 1107 1809 fuerit.
1238 1721 1240 1724 ⁵

162 1859 213 1927 At
243 1850 339 1927 enim
369 1876 475 1927 nemo
501 1876 662 1949 unquam
690 1854 843 1948 negavit
877 1852 1055 1927 humanae
1082 1849 1236 1929 naturae

119 1972 308 2044 scientiam
339 1971 582 2044 neeessariam
613 1990 708 2058 esse,
742 1970 880 2064 siquis
913 1968 1076 2042 homines
1103 1990 1238 2063 regere

118 2086 219 2160 velit.
256 2087 442 2173 Conoedo;
480 2087 556 2173 sed,
591 2093 635 2157 ut
670 2109 780 2182 supra
813 2087 1106 2174 monstravimus,
1142 2082 1238 2160 haee

120 2204 272 2276 scientia
286 2204 537 2298 psychologia,
561 2225 634 2275 non
655 2203 802 2297 politica
823 2201 1037 2297 appellanda
1057 2208 1131 2292 est3
1148 2224 1238 2276 nam

119 2321 163 2393 ad
186 2320 367 2393 hominem
387 2319 581 2414 privatum,
604 2342 677 2391 non
693 2319 749 2390 'ad
774 2319 959 2391 civitatem
985 2318 1155 2412 pertinet.
1184 2313 1238 2391 Ut

118 2432 203 2510 vere
220 2437 367 2530 politica
383 2437 535 2508 seientia
555 2435 702 2520 existat,
723 2441 866 2531 oportet
879 2441 920 2508 ut
938 2435 1107 2507 civitates
1129 2440 1237 2507 natu·

118 2576 194 2626 ram
225 2553 405 2647 quandam
430 2552 588 2624 habeant
614 2575 705 2645 quae
735 2575 780 2625 ex
807 2552 886 2647 ipsa
915 2551 1070 2646 partium
1101 2556 1236 2624 natura

118 2671 292 2764 equibus
316 2676 486 2765 constant
511 2690 706 2763 earumque
729 2669 965 2763 dispositione
993 2669 1170 2741 efficiatur
1195 2677 1236 2742 et

119 2788 238 2858 civilia
252 2787 348 2857 faeta
364 2787 497 2879 gignat
516 2811 523 2856 :
544 2787 673 2880 quibus
690 2792 812 2858 autem
828 2785 969 2878 positis,
987 2785 1152 2857 fabulosa
1170 2785 1236 2857 illa

118 2904 339 2996 legislatoris
355 2925 511 2998 persona
528 2904 727 2976 evanescit.
773 2929 776 2938 ¹

643 3262 694 3334 IV

163 3487 336 3558 Attamen
348 3506 420 3558 non
437 3486 525 3558 satis
539 3491 596 3558 est
607 3485 793 3558 materiam
806 3485 961 3580 aliquam
972 3483 1104 3559 habere
1119 3486 1234 3561 soien-

118 3603 190 3675 tiae
217 3605 395 3675 idoneam.
429 3604 467 3674 Si
491 3624 629 3695 genera
658 3608 696 3675 et
725 3604 830 3697 leges
862 3603 900 3673 in
929 3603 1038 3675 rebus
1066 3602 1149 3675 imis
1179 3602 1235 3677 ita

119 3719 390 3791 absconduntur
423 3727 465 3792 ut
495 3721 593 3791 nullo
629 3726 737 3815 paeto
770 3719 854 3792 inde
883 3717 1042 3813 expediri
1073 3720 1232 3816 possint,

119 3857 240 3907 aarum
256 3838 409 3908 seientia
431 3837 469 3906 in
490 3841 676 3908 aeternum
694 3835 875 3929 possibilis
895 3842 1037 3907 tanturn
1058 3837 1231 3909 manebit.

117 3951 167 4024 Ut
187 3975 313 4025 revera
332 3953 557 4039 instituatur,
584 3975 735 4025 neeesse
758 3958 816 4025 est
842 3952 997 4045 aliquam
1020 3952 1234 4025 methodum

116 4071 154 4139 in
170 4076 338 4164 promptu
354 4070 458 4141 nobis
473 4093 566 4154 esso,
581 4071 626 4141 ad
641 4091 760 4141 rerum
772 4076 937 4141 naturam
950 4076 987 4141 et
1000 4070 1045 4141 ad
1060 4069 1234 4143 scientiae

115 4188 291 4279 requisita
307 4187 624 4260 accommodatam.

158 4303 213 4376 Ne
237 4305 364 4377 eredas
390 4312 512 4378 autem
537 4304 631 4378 hana
658 4311 789 4400 sponte
810 4295 938 4376 animis
960 4324 1148 4377 ooourrere
1171 4302 1233 4374 ubi
