2782 4950
176 437 235 508 his
260 444 382 512 sutem
408 440 690 513 instrumentum
718 443 841 537 potius
870 451 1024 539 estque
1050 449 1289 529 instituantur

177 575 282 646 quam
302 577 425 628 earum
439 577 549 629 cause
565 558 788 650 generatrix.

195 662 301 743 ¹-Non
316 671 375 744 hic
391 673 495 746 locus
510 680 569 747 eet
581 674 789 770 disputandi
799 698 887 750 num
901 678 976 755 siut
987 680 1107 757 civilia¹
1118 683 1289 759 instituta

172 810 265 882 quac
278 813 315 861 -a
341 791 462 863 causis
490 792 659 865 finalibus
683 800 760 865 tuta
788 796 988 889 pendssnn
1017 803 1180 876 atcerte
1216 823 1288 878 nou

171 905 318 977 dubium
334 912 392 980 est
408 929 452 980 ea
469 909 652 980 rarissima
671 931 765 982 esse.
790 911 935 985 Etenim
955 913 1206 1006 politica'vita
1232 924 1287 996 tut

170 1030 342 1118 tantaque
369 1025 408 1095 in
437 1048 476 1098 se
492 1027 658 1098 continet
682 1033 725 1103 ut
749 1049 855 1101 neme
876 1050 956 1103 eam
975 1031 1093 1106 animo
1113 1034 1285 1128 amplecti

167 1141 305 1224 valeat3
322 1142 445 1234 itaque
459 1164 532 1215 non
548 1143 653 1214 facile
670 1150 729 1217 est
746 1145 832 1237 quid
847 1144 964 1219 eidem
976 1145 1206 1240 profuturum
1220 1150 1282 1237 sit,

163 1257 253 1351 quid
268 1279 354 1347 non,
370 1259 593 1354 praevidere.
608 1259 761 1331 Etiamsi
776 1260 866 1333 haec
883 1263 1106 1355 computatio
1120 1270 1282 1341 mentem

165 1372 359 1446 humanam
376 1376 589 1469 plerumque
605 1397 678 1448 non
695 1382 904 1470 exsuperet,
927 1376 1016 1453 adeo
1040 1378 1209 1457 abstrusa
1224 1387 1282 1458 est

163 1494 206 1563 ut
245 1514 319 1564 non
362 1513 532 1584 magnam
566 1492 640 1564 vim
677 1492 808 1566 habere
847 1493 964 1588 possit
993 1494 1038 1567 a‘d
1069 1495 1280 1575 voluntates

162 1606 371 1682 movendas.
391 1608 464 1682 Res
478 1609 593 1701 igitur
615 1609 741 1682 civiles
765 1631 838 1681 nun
854 1632 900 1682 ex
921 1611 1061 1684 ratione
1077 1615 1280 1692 constituta

161 1726 239 1798 lieri
270 1727 408 1812 selent;
447 1726 552 1818 leges
593 1747 668 1798 nen
696 1727 815 1799 media
845 1733 934 1799 sunt
965 1749 1058 1820 quae
1087 1729 1279 1821 legislator

161 1828 349 1936 excogitat
371 1848 562 1939 prepterea
585 1840 681 1934 quod
707 1833 892 1916 societatis
910 1851 1062 1917 naturae
1083 1847 1277 1923 concinere

158 1960 347 2045 videntum
371 1960 435 2032 sed
455 1981 475 2031 θ
498 1961 619 2031 causis
643 1960 853 2054 saepissime
877 1967 1079 2033 nascuntur
1097 1983 1191 2055 quae
1213 1987 1277 2041 eas

159 2078 321 2170 gignunt
340 2076 492 2170 physica
512 2076 666 2170 quadam
683 2077 917 2149 necessitate.
935 2077 992 2149 Ex
1008 2077 1276 2155 conditionibus

156 2194 194 2265 in
215 2192 343 2283 quibus
363 2199 532 2266 versatur
550 2192 706 2287 populus
730 2193 931 2264 communis
949 2193 1026 2267 vita
1045 2194 1098 2267 its
1117 2196 1274 2271 efficitur

155 2317 199 2382 ut
239 2311 388 2382 formum
427 2310 617 2403 quamdam
656 2309 841 2383 definitam
877 2311 1084 2383 necessario
1120 2311 1271 2397 induam

154 2421 259 2520 leges
275 2428 404 2519 {autem
420 2426 514 2498 hanc
528 2427 676 2497 formam
693 2426 919 2519 exprimunt3
938 2448 984 2499 ex
1006 2426 1135 2499 iisdem
1154 2428 1272 2520 igitur

154 2544 392 2616 efficientibus
419 2543 540 2615 causis
572 2545 697 2614 eadem
726 2543 947 2615 necessitate
981 2549 1194 2636 sequuntur.
1231 2547 1269 2617 Si

152 2680 238 2732 veru
261 2658 330 2731 hoc
351 2657 529 2744 infitieris,
553 2665 633 2729 tum
654 2658 903 2752 accipiendum
927 2657 1186 2753 eritpleraeque
1208 2683 1268 2737 res

150 2776 315 2870 politicas
332 2781 369 2848 et
384 2775 598 2868 praesertim
619 2796 681 2845 eas
705 2795 796 2867 quae
817 2775 1155 2867 majorismomenti
1176 2776 1266 2866 siut,

149 2895 292 2966 omnino
319 2894 397 2966 sine
423 2893 544 2966 causis
568 2915 661 2964 esse.
691 2890 821 2963 Nullus
850 2893 946 2964 enim
972 2914 1132 2985 unquam
1156 2891 1264 2968 humo

149 3011 291 3083 exstitit
305 3011 382 3104 ‘qui
414 3031 460 3082 ex
493 3031 605 3103 parva
635 3008 769 3085 Romae
802 3008 988 3085 nascentis
1025 3007 1263 3103 amplitudine

145 3129 263 3219 leges,
282 3149 373 3220 quae
396 3127 460 3199 tali
478 3126 612 3219 popule
632 3126 880 3210 convenirent,
899 3124 1108 3210 deduxerit;
1129 3146 1263 3218 aequa·

143 3244 283 3317 litatem
304 3251 342 3317 et
357 3243 616 3336 frugalitatem,
637 3264 744 3336 quam
762 3242 844 3314 illae
862 3264 882 3314 e
900 3242 1107 3318 Secundatc
1121 3244 1260 3336 praeci·

142 3360 301 3456 piabant,
327 3381 399 3432 non
421 3360 522 3459 ipsae
547 3364 774 3444 creaverunt,
797 3358 873 3446 sed,
902 3380 948 3431 ex
971 3381 1016 3432 ea
1036 3359 1117 3453 ipss
1143 3365 1257 3447 ortae,

142 3476 304 3549 eamdem
319 3482 462 3548 tantum
476 3477 747 3548 confirmavere.
780 3535 782 3540 .

183 3592 262 3665 Huc
279 3615 365 3664 sane
379 3593 554 3665 sensisset
568 3589 798 3663 Secundatus
811 3591 842 3664 si
853 3592 1102 3687 perspexisset
1113 3594 1255 3686 legana

138 3710 296 3782 moribus
311 3730 385 3781 non
399 3715 528 3781 natura
539 3707 687 3792 distare,
699 3707 764 3781 sed
774 3714 899 3780 contra
910 3707 954 3778 ab
966 3709 1011 3780 iis
1023 3713 1251 3803 emanare(¹).

165 3910 197 3973 (ί)
212 3908 281 3961 Saue
290 3905 543 3973 legislatoremjuhet
553 3906 641 3977 pupuli
653 3921 740 3957 mores
749 3910 775 3957 et
785 3905 924 3971 ingenium
933 3906 1005 3971 sequi
1015 3906 1095 3970 (XIX,
1106 3905 1161 3971 ac)
1171 3907 1251 3973 legas·

134 4006 184 4060 que
199 3991 359 4040 demonstrat
374 3989 514 4052 quamdam
530 3986 584 4036 vim
599 3987 696 4038 habers
712 3987 744 4036 ad
760 4000 847 4037 meres
863 3987 1044 4037 informandas
1059 3986 1138 4050 (xlx,
1149 3986 1201 4050 ΞΤ).
1214 3987 1250 4039 Ea

132 4075 220 4122 tamen
236 4072 270 4122 ita
286 4076 388 4133 separat
404 4074 433 4120 ut
448 4070 517 4135 quud
535 4069 636 4133 legibus
650 4069 799 4120 institutum
812 4074 852 4120 est
868 4073 895 4120 et
910 4068 1012 4132 raginus
1028 4072 1132 4125 nutam
1148 4071 1249 4127 risuum

131 4168 208 4217 posse
218 4157 333 4212 censeat,
345 4151 460 4206 menibus
471 4164 531 4200 vere
542 4150 613 4218 quod
624 4149 656 4201 ad
672 4164 759 4201 mores
777 4148 871 4203 attinet
876 4148 957 4214 (xlx,
968 4149 1018 4214 tt).
1030 4149 1095 4207 lucie
1106 4148 1136 4205 ut
1147 4155 1177 4203 nt
1195 4165 1248 4205 nnn

130 4231 207 4284 facile
218 4230 375 4282 intellexerit
386 4244 437 4296 quo
449 4229 525 4282 modo
536 4229 624 4279 omnia
640 4229 704 4280 haec
715 4228 784 4293 apud
795 4226 920 4293 quosdam
933 4229 1043 4293 papulus
1053 4229 1163 4280 conlirsa
1181 4231 1246 4282 aiut.

129 4307 209 4374 (xix,
221 4307 253 4361 tc
264 4308 289 4360 at
300 4310 355 4374 sq.)
