2782 4950
581 342 618 352 -
639 308 749 369 re...

103 462 200 511 mam
215 439 455 526 attribuimus
475 440 643 533 quamvis>
655 462 735 512 eam
752 461 798 512 ex
817 439 896 517 aliis
913 441 1114 534 accipiant!
1136 462 1223 510 nam

104 562 255 627 naturae
271 561 556 627 consentaneum
569 562 696 646 ostrea,
713 577 806 649 quae
829 555 1028 635 secundum
1047 556 1224 647 cognitio-

104 694 190 744 nem·
203 673 322 766 priora
338 679 445 758 sunt.
461 695 500 745 re
522 693 663 766 quoque
688 672 962 765 priora-haberi.
981 673 1076 759 Quid
1100 679 1224 750 autern

104 793 143 863 in
155 793 384 865 institutione
398 793 603 878 civitatum,
613 791 1224 884 legum,-religionummanifestius

106 914 179 994 est,-
196 908 282 1001 quid
298 909 423 980 oculos
443 909 564 1000 magis
588 908 752 1002 percellit
776 930 893 1000 quam·
905 929 1029 981 eorum
1046 919 1225 1002 personae

108 1025 168 1118 qui
195 1025 418 1119 respublicas
433 1025 709 1116 gubernarunt,
727 1025 831 1116 leges
844 1062 846 1064 ·
858 1025 1094 1119 scripserunt,
1108 1032 1225 1098 'sacra

107 1139 353 1212 edocuerunt?
369 1140 497 1233 Itaque
516 1158 660 1232 regum,
677 1139 945 1231 legislatorum,
966 1139 1226 1233 prophetarum

108 1256 428 1350 autsacerdotum
446 1255 588 1349 privata
607 1257 782 1327 voluntas·
802 1256 917 1328 totius
938 1255 1105 1349 politicae
1127 1255 1227 1329 vitae

107 1372 188 1468 fons
219 1370 364 1443 videtur
377 1393 498 1463 ‚esses
513 1358 627 1458 Haec]
642 1372 744 1451 enim¹
763 1370 801 1442 in
819 1377 1033 1465 ‘conspectu
1067 1371 1229 1442 omnium

107 1488 201 1570 fiunt
227 1511 306 1562 neo
331 1490 442 1580 ullam
460 1488 801 1561 obscuritatemin·
822 1511 861 1561 se
892 1488 1039 1560 habent.
1073 1486 1228 1580 Reliqua
1293 1527 1297 1531 ·

109 1611 400 1699 contras-quum·
424 1606 493 1694 in*⁴
508 1606 659 1678 secretis
696 1609 854 1698 corporis
887 1605 1025 1698 politici
1060 1605 1226 1699 partibus

109 1720 262 1813 lateant
272 1745 352 1795 non
368 1723 472 1795 facile
490 1722 842 1816 conopioipossunt·
854 1721 942 1794 lnde
954 1727 1048 1793 nata
1064 1727 1122 1794 est
1137 1719 1228 1792 haec

111 1839 199 1936 adeo
216 1841 373 1932 vulgata
385 1839 595 1934 superstitio
614 1861 660 1911 ex
676 1839 951 1932 qualogislator
968 1837 1071 1932 quasi
1086 1837 1232 1923 infinita

110 1956 278 2050 potentia
287 1956 495 2032 instruatur¹
504 1957 681 2047 legesque
700 1958 744 2026 ad
758 1955 901 2027 libitum
917 1977 1054 2040 creare,
1072 1961 1227 2040 mutare>

110 2074 236 2146 tollere
247 2073 385 2165 ualeat.
404 2072 618 2166 Quanquam
631 2069 874 2157 abhistoricis
887 2071 992 2144 hodio
1010 2072 1231 2147 demonstra·

110 2194 259 2287 tum-est
267 2190 327 2280 jus
342 2212 362 2261 e
379 2189 550 2276 moribus,
564 2188 601 2259 id
618 2179 674 2261 est
691 2188 803 2272 evita
818 2189 1045 2282 ipsa‚‘parvis
1057 2187 1232 2281 paulatim

112 2303 345 2399 incrementis
359 2310 408 2376 -et
428 2303 515 2376 sine
528 2303 780 2395 legislatorum
807 2303 967 2386 consiliis
992 2310 1110 2375 ortum
1123 2325 1231 2390 esse,

113 2421 202 2500 haec
218 2420 476 2513 tamenopinio
494 2420 677 2504 humanae
697 2420 811 2493 menti
834 2428 909 2493 tam
921 2419 1078 2514 penitus
1096 2419 1233 2495 insidet

112 2545 154 2609 nt
166 2536 361 2631 -ineadem
377 2527 481 2609 multi
500 2537 610 2609 etiarn
630 2560 728 2610 nunc
751 2544 1001 2632 perseverent.
1021 2536 1091 2623 Qui
1110 2543 1233 2610 autem

112 2654 546 2748 illamaceepitsomnenr
566 2654 727 2726 ordinem
747 2661 887 2726 certum
908 2656 1029 2727 inesse
1051 2654 1234 2726 societati-

113 2771 182 2841 bus
196 2770 365 2857 humanis
380 2770 526 2857 infitiari
541 2771 671 2843 debet:
690 2772 796 2863 leges
814 2772 911 2843 enim
930 2773 993 2857 ito,
1009 2792 1140 2856 mores,
1158 2771 1233 2840 ins-

115 2887 224 2960 tituta
235 2908 309 2959 non
322 2910 341 2960 e
356 2889 537 2960 constanti
557 2890 712 2982 quadam
727 2889 888 2962 civitatis
907 2896 1042 2962 natura·
1053 2889 1118 2960 sed
1132 2910 1151 2959 e
1166 2888 1233 2960 for·

115 3004 207 3076 tuito
222 3026 311 3076 casu
326 3003 528 3098 penderent
545 3004 605 3096 qui
619 3005 717 3077 hunc
735 3012 799 3078 aut
814 3005 916 3076 illum
930 3005 1179 3097 legislatorem
1194 3006 1231 3075 in

116 3141 157 3192 ea
173 3118 417 3193 suscitaverit.
438 3121 476 3191 Si
493 3143 539 3194 ex
553 3120 683 3194 iisdem
702 3120 855 3213 civibus,
867 3122 936 3194 alio
949 3121 1111 3217 principe
1123 3120 1231 3215 impe·

115 3245 229 3324 rante,
248 3236 323 3328 ‚alia
343 3236 472 3308 civitas
492 3243 636 3310 exstare
659 3238 786 3332 possit,
815 3239 942 3311 eadem
964 3258 1086 3327 causa,
1105 3237 1232 3310 iisdem

116 3353 409 3439 circumstantiis
453 3355 568 3426 varios
611 3353 982 3448 effectus-'gignendi
1024 3355 1233 3425 facultatem

118 3464 280 3556 habebit;
297 3469 465 3561 rationali
478 3470 593 3562 igitur
608 3470 753 3543 vinculo
770 3492 829 3543 res
850 3470 1031 3565 politicae
1043 3470 1230 3542 carebunt.

129 3652 135 3683 A.
162 3587 632 3683 Scientiaepoliticaenihil
643 3589 815 3680 majorem
833 3606 970 3666 moram
986 3587 1109 3664 attulit
1128 3602 1235 3678 quam

118 3701 208 3801 baec
230 3703 417 3796 doctrinas
431 3703 475 3781 in,
494 3723 564 3796 qua
580 3703 852 3798 ‘etphilosophi
876 3702 935 3774 vol
954 3702 1153 3797 prudentes
1177 3702 1239 3774 vei

118 3818 221 3918 inscii
250 3816 462 3913 diutissimo
486 3819 773 3904 consenserunt.
806 3814 900 3891 Nam
935 3826 1057 3891 cetera
1092 3817 1239 3910 impedi·

118 3943 259 4036 menta·
279 3936 323 4008 de
350 3938 480 4030 quibus
506 3959 615 4031 supra
642 3937 798 4009 diximus
817 3936 1013 4008 >autinfra
1038 3936 1240 4028 loquemur,

120 4053 370 4154 amoverinon
384 4060 554 4147 poterant
570 4052 739 4147 quamdiu
760 4053 830 4139 boc
860 4048 1036 4124 obstabat.
1065 4049 1242 4134 Quamdiu

123 4191 147 4237 n
179 4168 417 4242 societatibus
444 4170 563 4240 omnia
592 4170 682 4242 adeo
716 4169 868 4252 fortuita
895 4190 976 4253 esse
1011 4165 1244 4251 videbantur,

120 4286 252 4388 nemini
268 4285 307 4356 in
318 4287 627 4384 'meniemssltnile
644 4291 868 4379 poteratper
879 4305 1029 4376 genera
1040 4300 1081 4353 ac
1098 4282 1246 4374 species
1305 4300 1307 4306 ·
