2782 4950
670 755 720 826 Ill

179 1035 248 1109 Est
261 1041 382 1106 autem
395 1033 588 1128 peculiaris
601 1033 778 1126 quaedam
791 1030 890 1107 notio
908 1053 1014 1125 quae,
1031 1034 1253 1127 temporibus

137 1148 1251 1244 uostris,politicaescientiaemethodumrenovavitquamque

140 1267 370 1338 Secundatus
385 1266 576 1358 ignorasse
594 1263 755 1349 videtur;
780 1264 870 1336 haec
887 1271 1003 1336 est-
1022 1265 1053 1336 si
1074 1264 1252 1339 Gallicum

138 1383 288 1457 verbum
308 1383 346 1453 in
366 1382 517 1455 latinam
539 1382 704 1474 linguam
723 1401 837 1475 paene
856 1380 1043 1473 integrum
1057 1383 1252 1454 transferre

136 1500 243 1573 liceat
266 1540 311 1553 —
333 1498 432 1573 notio
458 1517 690 1592 progressus.
723 1497 795 1569 Sed
818 1497 856 1569 in
886 1520 956 1589 quo
986 1497 1049 1570 illa
1075 1499 1253 1571 consistat

136 1615 335 1687 videamus.
1293 1627 1295 1631 ’

179 1731 220 1826 Si
250 1731 373 1825 populi
407 1730 502 1815 inter
538 1750 578 1801 se
615 1734 880 1822 comparantur,
914 1729 1069 1823 primum
1101 1738 1252 1824 apparet

135 1852 254 1919 certas
268 1846 401 1918 formas
417 1852 481 1919 aut
496 1845 750 1940 proprietates,
766 1866 858 1937 quae
873 1845 1021 1918 intimae
1035 1846 1251 1923 societatum

134 1970 283 2037 naturae
300 1963 489 2036 manifeste
504 1961 707 2051 inhaerent,
723 1963 819 2055 apud
836 1963 1011 2055 quosdam
1027 1963 1090 2032 vix
1109 1963 1251 2036 inchoa·

134 2087 202 2166 tas,
221 2080 317 2175 apud
342 2080 431 2151 alios
451 2084 578 2150 contra
598 2078 820 2169 insigniores
840 2100 940 2163 esse3
961 2078 1020 2149 alii
1040 2080 1141 2172 parvi
1163 2087 1250 2152 sunt

133 2204 170 2268 et
185 2218 250 2290 per
267 2202 371 2268 vasta
395 2195 513 2289 spatia
538 2194 705 2288 dispersi,
730 2194 790 2265 alii
809 2195 963 2286 majores
985 2201 1023 2266 et
1043 2196 1164 2281 densi;
1190 2198 1249 2267 alii
1356 2226 1358 2231 ⁴

134 2313 229 2392 omni
249 2311 408 2384 stabilito
435 2310 584 2404 imperio
613 2316 751 2399 carent,
781 2310 867 2381 dum
895 2312 991 2403 apud
1016 2313 1104 2384 alios
1132 2314 1249 2408 reipu-

133 2429 248 2500 blicae
283 2426 545 2499 administratio
583 2447 657 2498 non
686 2426 792 2499 modo
829 2427 1074 2513 constituitur,
1108 2429 1172 2500 sed
1203 2431 1249 2500 ad

135 2565 260 2639 omnes
276 2543 438 2636 corporis
452 2542 589 2637 politici
600 2549 723 2637 partes
741 2565 843 2614 suam
856 2544 929 2615 vim
942 2544 1125 2630 extendit;
1140 2552 1248 2638 atque

133 2667 219 2732 sunt
230 2660 325 2732 inter
341 2681 403 2731 eos
420 2659 599 2732 innumeri
612 2660 750 2751 gradus
762 2660 980 2754 interpositi.
995 2662 1136 2754 Itaque,
1152 2663 1247 2755 quod

132 2776 176 2847 ad
199 2777 269 2848 hoc
295 2777 466 2869 pertinet,
485 2797 559 2849 non
580 2798 717 2860 omnes,
738 2781 781 2846 ut
804 2777 856 2848 ita
882 2776 1011 2860 dicam,
1030 2778 1247 2869 dignitatem

130 2892 279 2978 habent,
304 2892 369 2964 sed
388 2893 446 2963 alii
468 2893 547 2964 eliis
569 2892 773 2987 superiores
794 2898 857 2965 aut
877 2893 1063 2966 inferiores
1083 2893 1153 2966 dici
1169 2915 1248 2988 pos·

131 3016 229 3082 sunt.
258 3010 452 3083 Praeterea
475 3010 706 3082 observatum
728 3016 786 3081 est
807 3011 1011 3105 superiores
1035 3033 1082 3084 ex
1106 3012 1248 3084 inferio·

131 3128 228 3199 ribus
248 3133 356 3209 natos
375 3148 470 3198 esse.
494 3125 669 3216 Equidem
690 3141 767 3197 non
785 3126 864 3197 dico
886 3127 1102 3200 societatum
1118 3129 1247 3200 seriem

131 3250 250 3316 rectae
263 3243 379 3315 lineae
391 3242 539 3313 formam
551 3242 682 3315 habere
696 3243 799 3336 cujus
814 3244 1001 3316 novissimi
1018 3246 1140 3338 populi
1156 3268 1249 3316 surn-

130 3384 236 3446 mam,
252 3360 391 3453 antiqui
406 3381 492 3431 vero
505 3360 612 3430 imam
628 3360 894 3432 extremitatem
907 3368 1104 3456 occupent3
1122 3368 1249 3434 contra

131 3478 265 3550 arboris
290 3477 448 3569 speciem
468 3478 590 3571 potius
613 3476 760 3548 affectat
786 3478 889 3570 cujus
912 3479 1000 3548 rami
1025 3479 1062 3548 in
1085 3479 1247 3551 diversas

130 3594 300 3687 regiones
335 3591 593 3664 extenduntur.
623 3594 674 3663 At
700 3614 829 3689 parum
856 3592 893 3663 id
923 3594 1098 3688 propositi
1127 3595 1244 3666 refert.

130 3709 372 3785 Nihilominus
388 3730 515 3782 verum
537 3715 653 3783 restat
674 3709 870 3782 societates
886 3710 974 3796 alias
991 3711 1034 3781 ab
1053 3711 1132 3780 aliis
1149 3717 1246 3783 ortas

131 3849 212 3898 esse
226 3832 264 3898 et
276 3826 497 3899 recentiores
510 3826 688 3919 prioribus
701 3832 906 3920 praestare3
923 3827 991 3900 hoo
1007 3833 1065 3899 est
1078 3828 1173 3921 quod
1186 3830 1249 3897 hu·

131 3944 227 4015 mani
244 3944 393 4037 generis
412 3946 707 4037 progressionem
724 3941 957 4037 appellamus.
977 3944 1015 4015 Si
1031 3964 1117 4021 vero
1136 3965 1250 4018 unum

131 4060 303 4152 populum
321 4082 366 4131 ex
384 4081 423 4131 se
440 4059 662 4145 consideres,
679 4060 775 4133 idem
799 4061 1011 4155 reperietur.
1034 4061 1181 4155 Scilicet
1205 4083 1249 4132 ex

131 4179 292 4269 tempore
316 4195 386 4268 quq
410 4196 492 4247 esse
510 4161 647 4271 incipit
669 4172 779 4276 supra
803 4175 974 4273 speciem,
1007 4197 1026 4249 e
1053 4197 1124 4270 qua
1149 4181 1249 4251 ortus

133 4296 201 4377 est,
232 4312 313 4362 sese
340 4291 513 4384 paulatim
541 4275 682 4368 extollit
709 4290 960 4385 humanaeque
985 4297 1145 4367 naturae·
1170 4314 1253 4386 pro.
