2782 4950
583 386 621 400 -
636 353 683 416 65
700 389 738 400 -

148 492 220 564 Res
236 491 405 585 politicae
429 511 494 584 per
517 488 679 560 diversas
705 489 846 582 species
875 487 987 579 vulgo
1008 482 1219 557 dividuntur

104 618 206 702 quas,
223 609 338 703 prima
354 605 499 700 quidem
513 604 753 700 inspectione,
771 603 908 675 nullam
921 603 1017 674 inter
1033 623 1073 675 ea
1088 622 1220 695 cogna-

103 725 239 798 tionem
265 723 398 795 habere
426 722 538 796 dicas.
568 721 636 794 Est
658 722 754 794 enim
777 719 846 792 alia
867 719 1055 812 religionis
1076 710 1217 805 natum,

104 840 175 916 alia
186 839 278 933 juris
295 845 334 911 et
348 859 500 924 morum,
511 838 581 910 alia
592 836 796 910 commercii
810 836 875 908 aut
886 836 1217 927 administrationis.

106 956 233 1049 ltaque
250 954 295 1027 de
312 975 529 1048 unaquaque
548 954 665 1026 classe
681 953 875 1048 separatim
889 951 1037 1023 tractari
1058 951 1119 1022 diu
1141 951 1222 1022 soli·

104 1079 183 1143 tum
199 1079 257 1145 est
274 1077 383 1164 atque
400 1071 511 1143 etiam
536 1092 634 1142 nunc
665 1071 770 1159 solet,
795 1069 897 1164 quasi
918 1087 983 1162 per
999 1088 1052 1153 se,
1069 1067 1223 1139 abstrac-

107 1188 227 1281 tisque
255 1187 346 1272 aliis,
363 1187 554 1281 'explorari
583 1191 625 1260 et¹
645 1186 816 1281 explicari
840 1184 969 1279 possit,
992 1183 1088 1255 haud
1116 1204 1223 1255 secus

109 1310 216 1395 atque
247 1303 286 1374 in
299 1302 451 1397 physica
490 1302 535 1375 de
570 1313 759 1398 corporum
796 1301 992 1393 gravitate,
1028 1322 1174 1385 seorsus
1203 1323 1225 1371 a

110 1422 240 1506 colore,
258 1420 461 1492 disseritur.
483 1418 656 1493 Ceterum
684 1418 845 1492 eamdem
868 1418 1045 1488 factorum
1071 1418 1224 1491 classem

111 1559 193 1609 cum
220 1536 299 1611 aliis
331 1537 594 1609 communicare
618 1558 693 1609 non
713 1536 796 1613 ideo
818 1545 989 1628 negatur,
1009 1534 1073 1606 sed
1096 1535 1228 1607 leviter·

111 1660 266 1738 tantum,
283 1653 404 1738 itaut,
429 1675 510 1725 cum
533 1653 660 1725 intima
679 1674 799 1724 rerum
822 1660 952 1725 natura
972 1674 1044 1723 uon
1070 1651 1228 1743 attinga-

113 1777 182 1855 tur,
213 1769 333 1845 omnia
363 1769 454 1841 haec
485 1769 697 1840 commercia
728 1769 806 1842 sine
833 1768 1058 1840 incommodo
1085 1768 1228 1859 negligi

118 1884 267 1978 possint.
289 1883 361 1968 Sic,
379 1883 535 1976 exempli
551 1885 682 1976 gratia,
695 1884 855 1978 plerique
875 1884 934 1976 qui
952 1883 995 1954 de
1013 1881 1132 1954 ethica
1148 1883 1231 1953 scri·

113 1998 215 2082 bunt,
233 2019 351 2070 mores
368 2005 405 2070 et
424 1999 571 2070 vivendi
587 2009 792 2093 praecepta,
813 2000 958 2093 quaein
978 2021 1048 2068 usu
1066 2004 1153 2069 sunt
1168 2005 1232 2070 aut

115 2137 194 2188 esse
222 2115 368 2200 debent,
401 2122 560 2187 tractant
588 2116 690 2208 quasi
715 2138 780 2210 per
807 2138 846 2188 se
878 2117 1084 2200 existentia,
1112 2135 1232 2208 nequa

118 2232 160 2302 ab
189 2232 234 2302 iis
264 2237 413 2302 curatur
442 2254 532 2324 quae
558 2233 606 2303 sit
632 2231 727 2326 apud
753 2234 898 2304 easdem
921 2233 1115 2304 societates
1146 2232 1234 2303 divi-

117 2347 248 2418 tiarum
264 2352 410 2432 natura3
437 2348 498 2439 qui
520 2369 607 2420 vero
637 2348 680 2418 de
709 2347 858 2433 divitiis,
880 2370 954 2419 uon
976 2349 1112 2419 minore
1129 2348 1235 2420 vehe-

117 2464 251 2536 mentia
279 2464 507 2537 contendunt
535 2465 723 2535 scientiam
752 2487 857 2559 quam
889 2466 1025 2553 colunt,
1052 2464 1235 2559 politicam

119 2579 363 2652 oeconomiam
379 2580 530 2664 scilicet,
549 2582 693 2652 omnino
708 2567 870 2673 suijuris
887 2603 981 2666 esse,
1001 2602 1138 2673 suoque
1159 2603 1235 2651 mu-

118 2710 214 2768 nere¹
230 2695 336 2789 fungi
363 2718 471 2790 posse
494 2697 638 2768 etiamsi·
656 2697 724 2768 hoc
746 2698 956 2788 regularum
977 2717 1120 2791 corpus,
1141 2693 1236 2790 quod

120 2809 275 2880 ethicam
292 2811 494 2896 constituit,
521 2832 669 2905 prorsus
692 2813 894 2905 ignoretur.
919 2813 1035 2886 Multa
1058 2813 1127 2884 alia
1142 2814 1237 2906 ejus·

121 2925 201 2997 dem
220 2927 368 3017 generis
385 2927 550 3021 exempla
569 2929 693 3000 referri
708 2930 863 3021 possint.

165 3043 395 3115 Secundatus
419 3050 545 3122 contra
564 3045 656 3116 bene
682 3050 869 3141 perspexit
891 3048 1010 3118 omnia
1034 3047 1125 3120 haec
1143 3050 1239 3119 inter

122 3181 159 3232 se
182 3161 235 3232 ita
262 3160 465 3235 cohaerere
482 3169 524 3234 ut
553 3163 700 3255 singula
730 3187 795 3258 per
827 3188 879 3251 se,
912 3165 1060 3238 remotis
1089 3169 1236 3252 ceteris

120 3277 277 3369 intelligi
288 3286 490 3371 nequeant3
504 3280 627 3373 itaque
640 3282 780 3374 nonjus
792 3304 813 3352 a
825 3281 998 3365 moribus,
1016 3280 1238 3373 a'religione,

123 3396 386 3494 acommercia
402 3401 487 3480 etc,
503 3402 648 3489 separat
662 3418 781 3490 neque
794 3398 1005 3492 praesertim
1019 3421 1040 3467 a
1057 3398 1241 3469 societatis

48 3586 50 3593 ,
124 3511 236 3583 forma
260 3532 352 3604 quae
373 3532 477 3585 suam
498 3513 573 3583 vim
596 3512 651 3583 ‘ad'
674 3518 803 3584 omnes
827 3535 886 3584 res
915 3514 1040 3584 civiles
1065 3515 1240 3586 extendit.

126 3625 282 3710 Etenim,
308 3628 471 3718 quamvis
495 3627 639 3698 diversa
657 3628 742 3713 sint,
756 3628 867 3699 unius
880 3627 1114 3721 ejusdemque
1131 3629 1243 3701 socie·

126 3743 213 3814 tatis
226 3745 339 3816 vitam
360 3743 586 3837 exprimunt3
608 3746 717 3815 variis
740 3744 904 3836 ejusdem
925 3744 1083 3836 corporis
1107 3744 1244 3836 politici

127 3862 289 3955 partibus
307 3868 371 3933 aut
388 3863 536 3954 organis
555 3863 789 3958 respondent.
818 3863 884 3934 Sin
901 3869 1022 3934 autem
1044 3882 1118 3932 non
1139 3883 1246 3954 quae-

130 3984 231 4049 ratur
264 3976 441 4069 quomodo
461 3998 611 4068 ,organa
641 3978 737 4050 inter
771 4000 809 4050 se
843 3977 1074 4049 consentiant
1106 3977 1245 4069 aliaque

129 4092 170 4162 ab
189 4091 270 4162 aliis
290 4091 503 4178 afficiantur,
522 4094 626 4186 quala
644 4094 692 4165 sit
708 4093 998 4186 uniuscujusque
1015 4114 1148 4163 munus
1165 4092 1249 4163 defi-

129 4209 196 4279 niri
220 4228 294 4280 non
316 4209 461 4301 poterit.
482 4209 595 4281 Immo
615 4209 822 4281 eorumdem
842 4217 973 4281 natura
992 4231 1141 4303 prorsus
1161 4209 1265 4281 lata»

130 4323 201 4395 bit:
222 4347 305 4395 nam
320 4325 471 4396 totidem
488 4347 547 4397 res
560 4347 624 4419 per
643 4348 681 4398 se
699 4326 902 4400 existentes
919 4347 1000 4398 esse
1017 4325 1249 4415 videbuntur,

1066 4461 1082 4511 5
