2782 4950
518 742 668 878 earur
694 799 877 878 rrruuu

128 1055 236 1115 curn
251 1047 339 1107 'surr
362 1057 592 1109 counirmurs
613 1056 850 1107 msrrrurroru
872 1055 1051 1105 rourrcnn
1067 1054 1253 1123 scrnurmn

194 1163 197 1172 '
276 1163 279 1168 '
577 1173 814 1225 Nucnssnamn
1000 1143 1002 1150 ⁴

684 1477 720 1550 ,Ι4

182 1732 303 1808 Nulla¹
321 1731 484 1807 doctrina
512 1731 686 1805 scientiae
713 1751 845 1803 nomeu
873 1738 1032 1828 meretur
1046 1762 1048 1764 ·
1062 1741 1153 1826 quae
1170 1755 1255 1805 non

129 1850 325 1924 smateriam
353 1849 527 1943 'aliquam
583 1848 879 1935 determinatam,
906 1846 1029 1942 'quam
1059 1840 1252 1944 exploret,

139 1965 282 2037 habeat.
303 1965 464 2037 Scientia
487 1965 582 2036 enim
605 1965 643 2033 in
667 1963 775 2035 rebus
805 1970 997 2051 versatum:
1012 1967 1083 2036 nisi
1109 1967 1194 2060 quid
1210 1967 1254 2039 ei

132 2080 263 2159 xdatum
291 2082 339 2152 sit
363 2080 458 2183 quod
487 2079 666 2152 describat
695 2086 732 2151 et
764 2080 1036 2174 interpretetur,
1071 2082 1109 2151 in
1138 2091 1253 2155 vacuo

131 2197 308 2269 consistit
330 2197 606 2296 necquicquam
623 2203 680 2268 est
705 2196 800 2289 quod
826 2196 893 2271 sibi
915 2218 1114 2291 proponere
1138 2199 1255 2292 possit

139 2313 234 2383 ultra
260 2312 355 2383 hanc
387 2312 668 2406 descriptionem
692 2318 800 2405 atque
822 2312 1178 2406 interpretationem·
1201 2314 1254 2384 Ea

141 2429 278 2500 ratione
320 2449 491 2505 numeros
530 2428 755 2499 arithmetica
799 2428 1015 2515 considerat,
1055 2429 1254 2528 geometria

142 2545 300 2638 spatium
316 2545 520 2635 erogatas,
539 2545 713 2616 scientiae
729 2544 914 2616 naturales
937 2567 1087 2639 corpora
1102 2539 1255 2616 animata

140 2668 176 2735 et
191 2661 401 2746 inanimata,
424 2661 664 2755 psychologia
686 2660 841 2755 denique
864 2670 1031 2739 mentem
1047 2664 1250 2735 humanam.

142 2777 271 2871 ltaque-
287 2784 329 2849 ut
349 2777 503 2849 scientia
525 2777 671 2870 politica
694 2778 836 2850 institui
864 2785 1113 2872 possetante
1136 2779 1255 2868 omnia

142 2894 387 2965 necessarium
404 2898 481 2965 erat
496 2893 683 2966 materiam
700 2900 836 2964 certam
851 2894 884 2965 ei
900 2895 1103 2988 assignari.¹

185 3009 306 3081 Primo
323 3009 471 3102 quidem
489 3009 665 3102 adspectu
680 3009 771 3081 nihil
789 3009 989 3113 promptius
1009 3031 1090 3090 esse
1111 3009 1255 3083 videtur

145 3147 249 3219 quam
272 3126 375 3216 hanc
390 3124 643 3197 difficultatem.
663 3126 863 3197 exsolvere.
887 3125 1016 3203 Nonne
1044 3127 1139 3203 enim
1162 3125 1255 3197 Poli-

143 3243 215 3314 tica
230 3265 289 3330 res
313 3242 490 3336 politicae,
513 3242 550 3313 id
578 3248 635 3314 est
649 3243 767 3333 leges,
786 3264 916 3326 mores,
936 3227 1145 3334 religiones,
1166 3249 1252 3327 etc„
1277 3229 1279 3233 ’

130 3380 206 3452 wpro
224 3359 373 3431 materia
392 3359 523 3430 habet‘.l
541 3359 605 3431 Sin
627 3365 748 3430 autern
769 3358 955 3429 historiam
977 3359 1161 3453 respicies,
1190 3358 1255 3428 tibi

145 3476 324 3548 constabit
343 3476 482 3546 nullum
504 3475 769 3569 philosophum,
795 3497 911 3568 usque
937 3477 981 3547 ad
1006 3475 1256 3549 recentissima

145 3599 322 3686 tempora„
350 3614 412 3664 eas
453 3593 504 3663 ita
545 3593 769 3685 concepisse.
806 3591 950 3664 Etenim
989 3593 1107 3664 omnia
1138 3574 1181 3662 ea
1211 3591 1255 3679 ab

144 3707 328 3784 hominum
343 3710 530 3783 uoluntate
547 3709 597 3779 ita
612 3708 769 3801 pendere
794 3709 1057 3779 arbitrabantur
1072 3714 1114 3778 ut
1131 3706 1256 3778 eadem

132 3847 215 3909 *non
232 3827 411 3897 sentirent
426 3847 590 3898 cereres
614 3845 706 3908 esse,
730 3823 827 3893 haud
850 3845 957 3895 secus
983 3831 1090 3916 atque
1115 3830 1255 3895 ceteras
1276 3873 1279 3878 -

145 3949 296 4016 naturae¹
327 3963 399 4026 rec,
436 3962 527 4033 quae
557 3962 642 4011 suas
669 3941 909 4033 proprietates
942 3940 1076 4011 habent
1103 3939 1255 4031 ideoque

132 4058 322 4129 *scientias
332 4058 531 4149 requirunt,
547 4057 676 4150 quibus
697 4056 947 4128 describantur
959 4062 997 4126 et
1011 4056 1254 4146 explicentur3

147 4173 326 4245 scdsatis
353 4195 434 4250 esse
463 4173 654 4244 videbatur
687 4173 716 4242 si
759 4172 935 4242 humanae
963 4173 1142 4243 uoluntati
1172 4171 1256 4263 quid

133 4291 360 4383 petendum,
374 4289 458 4382 quid
475 4288 689 4381 fugiendum
705 4295 803 4361 essct
822 4290 859 4360 in
874 4288 1108 4362 societatibus
1125 4289 1258 4361 consti-
