2782 4950
638 368 676 380 -
695 333 736 396 63
757 368 795 380 ..

159 464 388 559 aprincipiis,
411 486 502 558 quae
519 471 626 561 antea
641 467 777 560 posuit,
805 485 877 538 non
904 466 1033 538 deduci
1056 487 1162 561 posse
1180 468 1271 552 exis·

157 580 271 651 timat.
301 579 446 653 Etenim
473 582 660 654 servitutis
690 583 957 654 institutionem
974 589 1011 655 et
1038 582 1270 676 Reipublicae

158 695 402 769 definitionem
415 697 511 769 inter
526 720 565 770 se
581 699 759 770 contraria
776 721 857 771 esse
874 698 1043 770 ostendit.
1064 699 1124 770 Sic
1136 699 1269 792 Tyran-

157 811 242 882 nida
257 813 333 885 odit
348 813 431 907 quia
446 813 631 886 societatis
650 820 758 907 atque
775 815 884 886 etiam
901 814 1056 886 hominis
1075 815 1269 902 essentiae,

158 929 300 1020 qualem
330 950 411 1002 esse
443 930 613 1024 concipit,
650 931 770 1024 logice
805 933 1054 1025 repugnatdl.
1092 931 1270 1004 Deductio

157 1044 270 1136 igitur
288 1045 325 1118 iu
339 1045 551 1140 quibusdam
566 1047 709 1119 casibus
720 1047 828 1119 etiam
841 1054 968 1119 contra
983 1031 1287 1121 observationem·

158 1166 195 1232 et
210 1162 468 1256 experientiam
484 1162 681 1257 praevalet.

199 1509 261 1581 Sin
289 1531 378 1603 argo
404 1509 565 1583 inductio
592 1513 629 1582 in
653 1505 799 1607 politica
818 1514 973 1585 scientia
994 1515 1148 1608 primum
1174 1514 1270 1608 apud

138 1627 403 1700 'Secundatum
428 1636 590 1723 apparet,
615 1631 794 1701 contraria
817 1629 987 1702 methodo
1013 1631 1174 1730 nondum
1202 1630 1271 1701 dis-

91 1741 94 1744 ’
156 1745 266 1817 cessit
288 1766 401 1838 eaque
425 1746 644 1818 admixtione
667 1746 901 1819 adulteratur.
920 1745 968 1818 Ut
993 1753 1117 1820 noster
1138 1767 1272 1819 novam

156 1864 252 1932 viam
270 1861 462 1954 ingressus
484 1868 552 1947 est,
579 1862 630 1933 ita
650 1854 772 1934 tamen
792 1863 916 1960 tritam
931 1884 1003 1934 non
1023 1863 1195 1935 deseruit.
1217 1863 1273 1935 Ea

156 1985 278 2051 autem
286 2012 296 2019 ’·
306 1973 465 2050 methodi
497 1978 716 2071 ambiguitas
749 2001 795 2051 ex
826 1979 905 2073 ipsa
936 1979 1133 2069 doctrinae,
1163 2001 1271 2073 quam

156 2115 264 2188 supra
278 2094 480 2180 retulimus,
499 2094 735 2186 ambiguitate
763 2095 939 2189 sequitur.
971 2096 1113 2168 Etenim
1141 2096 1171 2165 si
1194 2116 1271 2167 nor·

155 2211 265 2281 males
287 2210 474 2285 societatis
500 2210 633 2308 formae
653 2211 690 2281 in
711 2212 874 2304 ejusdem
894 2218 1025 2283 natura
1041 2211 1271 2306 comprehen-

155 2327 300 2418 duntur,
317 2349 363 2399 ax
378 2311 487 2420 hujus
503 2334 653 2400 naturae
673 2327 882 2401 definitione
907 2328 1266 2421 concludi‘possunb

155 2463 215 2514 eas
233 2450 371 2516 autam
401 2444 543 2536 logicas
575 2444 867 2517 necessitudines
904 2444 1134 2517 Secundatus
1164 2445 1268 2536 leges

155 2561 324 2654 appellat.
358 2561 396 2631 Si
426 2583 484 2631 res
519 2560 608 2633 adeo
631 2561 764 2634 rationi
791 2568 938 2634 nostrae
963 2568 1141 2653 cognatae
1167 2566 1266 2645 sunt,
1299 2583 1302 2586 ⁴

154 2676 397 2748 ratio-sufficit
423 2677 468 2748 ad
491 2700 552 2747 eas
578 2678 882 2771 interpretandas.
910 2677 1098 2750 Miraberis
1108 2677 1268 2750 'forsitan
1355 2671 1357 2675 ’

153 2788 245 2863 hano
257 2790 422 2863 intimam
433 2802 554 2872 rerum
565 2798 731 2863 naturam
744 2793 833 2864 adeo
847 2798 1007 2886 apertam
1017 2792 1185 2863 viderint
1192 2792 1268 2884 jam

143 2928 171 3003 ,a
186 2908 360 2980 scientiae
378 2906 527 2980 exordio
538 2909 712 3000 cognosci
730 2914 767 2980 et
784 2907 923 2980 definiri
935 2909 1062 3002 possit,
1085 2929 1168 2979 cum
1184 2929 1267 2979 con·

152 3029 205 3096 tra
225 3023 379 3096 scientia
394 3026 542 3119 peracta
557 3026 678 3119 potins
696 3047 802 3117 quam
815 3024 1015 3125 'incipiente
1037 3023 1267 3096 determinari

151 3161 258 3232 posse
269 3139 534 3212 videatur.Hoo
545 3150 666 3223 autem
676 3163 758 3212 cum
772 3139 969 3212 Secundati
979 3140 1164 3235 principiis
1174 3139 1266 3212 bene

151 3264 308 3329 constat.
327 3255 636 3342 Quemadmodum
652 3258 852 3359 vinculum,
877 3256 973 3349 quod
1003 3257 1099 3329 inter
1120 3257 1267 3350 politica

149 3372 245 3475 facta
261 3379 300 3444 et
316 3373 502 3446 societatis
519 3374 714 3446 essentiam
732 3374 869 3458 existit,
892 3372 1104 3444 rationabile
1125 3378 1194 3457 est,
1215 3372 1267 3442 ita

150 3497 186 3561 at
203 3511 248 3563 aa
261 3490 350 3585 ipsa
359 3491 531 3575 essentia,
550 3513 642 3584 quae
669 3489 782 3562 totius
811 3488 919 3582 hujus
940 3489 1167 3560 deductionis
1182 3488 1263 3559 fons

148 3613 219 3697 est,
239 3606 401 3678 eamdem
419 3613 585 3678 naturam
605 3605 727 3691 habet,
748 3604 784 3675 id
806 3605 921 3676 estin
942 3603 1095 3698 simplici
1118 3605 1265 3676 notione

145 3722 319 3796 consistit
337 3745 445 3816 quam
468 3722 558 3794 ratio
580 3721 689 3794 celeri
711 3721 937 3815 inspectione
960 3719 1130 3813 amplecti
1152 3721 1262 3791 valet.

143 3832 230 3910 Uno
249 3838 371 3927 uerbo,
403 3838 632 3910 Secundatus
658 3857 731 3909 non
763 3836 853 3907 satis
878 3835 990 3907 sentit
1012 3841 1199 3928 quantum,
1222 3841 1279 3906 ut·

140 3956 198 4028 ait
213 3954 456 4051 Verulamius,
473 3975 593 4025 rerum
611 3951 793 4023 subtilitas
809 3950 986 4023 humanae
1003 3949 1135 4022 mentis
1153 3937 1264 4019 subti-

94 4110 105 4116 —
136 4059 288 4144 litatem
314 4076 527 4163 exsuperet;
552 4053 596 4142 ea
625 4074 683 4142 est
706 4053 816 4140 causa
837 4056 901 4139 our
922 4067 1050 4139 rationi
1072 4073 1110 4138 et
1133 4064 1264 4138 deduc·

177 4252 209 4318 (¹)
226 4252 331 4316 «Apris
347 4216 442 4302 1011111
456 4265 508 4315 que
524 4264 590 4302 nous
606 4262 705 4300 senous
721 4247 754 4297 de
769 4245 835 4308 dire,
855 4246 872 4296 11
892 4246 1041 4297 semblerait
1058 4228 1109 4310 que
1128 4245 1152 4296 la
1172 4214 1264 4296 nature

137 4325 274 4384 humaine
284 4347 312 4384 ee
323 4331 478 4383 souleverait
488 4335 578 4380 contre
590 4330 615 4380 le
626 4331 829 4394 gouvaruement
839 4322 998 4391 despotique.
1010 4343 1022 4375 1
1035 4325 1076 4388 (V,
1089 4324 1139 4387 ll.)
