2782 4950
614 371 651 383 -
670 337 713 400 54·
731 371 771 386 ..

130 473 414 573 primoquidem
443 471 630 565 adspectu,
661 493 743 543 cum
772 472 907 543 ordinis
931 472 1022 544 certi
1050 472 1248 544 existentia

131 612 204 661 non
226 591 320 661 coire
339 609 446 683 posse
465 587 627 673 ridetur3
645 609 814 681 namque,
833 589 865 658 si
884 589 935 660 ita
951 610 989 659 sc
1007 609 1065 660 res
1081 590 1245 676 haberet,

83 701 85 705 ⁴
132 707 377 778 connexiones
393 706 487 777 inter
504 710 633 776 causas
650 711 688 777 et
704 704 854 777 effectus
867 726 940 777 non
953 711 1169 779 constantes
1182 728 1249 778 nec

132 823 299 894 immotae
316 827 516 893 manerent.
535 820 662 914 Itaque
682 821 792 893 refert
813 843 903 914 quae
929 822 977 893 sit
997 822 1089 894 hacc
1108 823 1249 894 contin-

133 939 259 1030 gentia
272 938 438 1022 definire;
452 958 537 1008 nam
548 936 653 1010 valde
671 937 871 1009 timendum
884 945 942 1011 est
956 937 1248 1012 nesundamenta

132 1054 211 1147 ipsa
232 1053 399 1147 politicae
419 1052 592 1125 scientiae
610 1059 742 1125 eruat·
1077 1065 1080 1070 “

176 1171 343 1242 Forsitan
367 1170 404 1239 in
433 1173 592 1242 mentem
616 1168 841 1241 tibiarum
866 1170 1114 1242 secundatum
1150 1172 1246 1244 hanc

132 1286 420 1378 contingentiam
451 1284 625 1356 statuisse
658 1285 752 1377 quia,
779 1305 822 1356 ea
848 1284 1001 1370 sublata,
1028 1293 1065 1359 et
1087 1287 1248 1359 humana

132 1401 279 1473 libertas
292 1400 370 1473 tolli
386 1400 564 1471 videatur.
580 1401 642 1485 At,
660 1400 691 1470 si
707 1399 800 1471 hanc
817 1422 965 1472 causam
979 1423 1064 1474 vere
1081 1401 1246 1487 haberet,

133 1517 209 1588 sine
222 1516 296 1587 ulla
303 1516 522 1609 'exceptione
536 1520 635 1588 esset
648 1520 685 1587 et
696 1520 811 1587 totam
824 1516 935 1587 vitam
953 1517 1244 1612 amplecteretur.

132 1633 263 1704 Mirum
280 1639 401 1704 autem
416 1639 516 1706 esset
532 1633 744 1726 scriptorem
754 1637 918 1704 nostrum
934 1656 955 1703 a
971 1655 1010 1705 se
1026 1634 1105 1728 ipso
1116 1635 1168 1706 ita
1182 1635 1249 1707 dis-

133 1750 305 1834 sensisse,
325 1749 456 1842 quippe
472 1749 535 1842 qui
551 1749 715 1820 homines
732 1754 770 1820 et
787 1749 980 1823 societates
1002 1731 1145 1841 legibus
1160 1753 1248 1843 'regi

132 1872 207 1936 tam
227 1865 409 1962 expressis
433 1865 552 1936 verbis
579 1863 817 1936 declaraverit
840 1885 973 1957 easque
995 1867 1150 1958 reperire
1173 1874 1249 1939 ten-

133 1962 277 2053 tauerit.¹
291 1981 485 2052 Praeterea
496 1981 639 2052 minime
653 1979 842 2051 verisimile
856 1986 913 2051 est
925 1980 1033 2072 huius
1046 1973 1248 2055 doctrinam

134 2106 358 2191 quacumque
374 2096 625 2194 metaphysica
640 2096 828 2167 fundatam
844 2117 937 2167 esse.
956 2096 1054 2168 Nihil
1071 2104 1130 2169 est
1151 2101 1248 2171 enim

133 2215 171 2284 in
202 2218 279 2284 toto
317 2234 424 2307 opere
458 2214 552 2306 quod
583 2212 738 2305 aliquam
769 2212 1097 2306 metaphysicarum
1122 2237 1248 2307 quaes-

134 2330 273 2400 tionum
305 2350 427 2400 curam
455 2329 640 2414 ostendat;
674 2350 853 2422 nusquam
885 2328 928 2400 de
958 2329 1069 2400 libero
1088 2329 1246 2403 'arbitrio

91 2496 94 2501 -
135 2447 269 2540 agitur.
293 2446 417 2537 Itaque
440 2465 512 2515 non
537 2449 594 2516 est
617 2465 681 2514 cur
707 2444 796 2516 hacc
821 2443 1115 2539 philosophorum
1137 2446 1248 2540 hypo

135 2561 250 2635 thesis
269 2567 407 2633 tantam
424 2559 519 2654 apud
539 2581 620 2632 eum
639 2560 713 2630 vim
733 2559 910 2631 habuerit.
936 2559 1108 2633 Ceterum
1128 2569 1187 2634 est
1209 2562 1247 2633 in

132 2679 250 2772 primo.
260 2677 340 2748 libri
358 2677 475 2770 capite
491 2676 593 2748 locus
606 2677 667 2769 qui
682 2676 776 2748 hanc
790 2676 1124 2768 interpretationem
1136 2679 1245 2748 mani-

131 2795 224 2864 festo
240 2793 380 2865 refellit.
402 2793 494 2863 Nam
512 2788 742 2864 Secundatus
758 2791 851 2863 hanc
867 2793 1157 2883 contingentiam
1174 2814 1246 2865 non

132 2908 286 2980 hominis
303 2909 482 3003 propriam
501 2929 582 2980 esse
604 2908 703 2993 dicit,
728 2906 791 2980 sed
813 2907 973 2979 eamdem
995 2913 1033 2979 et
1055 2909 1093 2978 in
1114 2911 1246 2982 ceteris

133 3025 345 3096 animalibus
377 3025 523 3118 reperit,
548 3025 618 3095 imo
646 3024 684 3094 in
711 3024 845 3118 plantis
876 3024 964 3117 ipsis
996 3025 1139 3096 omnino
1173 3048 1247 3098 non

134 3141 260 3212 abesse
277 3142 483 3212 existimare
502 3140 647 3211 videtur
666 3142 719 3231 (¹).

177 3259 259 3352 Ipse
280 3279 347 3329 nos
370 3263 493 3329 monet
514 3277 553 3327 se
574 3256 666 3326 hanc
686 3256 975 3348 contingentiam
996 3259 1246 3329 tantummodo

134 3375 402 3467 excogitavisse
426 3379 469 3444 ut
492 3357 633 3445 errores
652 3373 748 3444 unde
777 3368 936 3445 existant
963 3374 1141 3466 explicare
1164 3395 1248 3468 pos-

134 3493 255 3585 sete).
286 3491 324 3568 Si
350 3491 445 3563 enim
468 3512 653 3583 nunquam
684 3510 896 3574 erraremus²
926 3495 1075 3561 naturae
1098 3496 1245 3563 nostrae

63 3680 64 3684 ¹
163 3690 193 3752 (¹)
211 3675 291 3753 «(199
308 3688 391 3754 heles)
409 3693 455 3739 ont
471 3688 517 3739 des
534 3687 584 3738 lois
600 3685 752 3750 naturelles,
768 3699 845 3750 parce
860 3686 968 3750 qu'elles
987 3691 1047 3736 sont
1061 3686 1138 3736 unies
1157 3699 1204 3749 par
1222 3689 1248 3738 le

132 3770 302 3821 sentiment...
322 3768 392 3820 Elles
411 3784 445 3820 ne
461 3768 564 3819 suivent
582 3782 627 3833 pas
644 3771 767 3831 pourtant
784 3766 1001 3837 invariablement
1019 3767 1089 3816 leurs
1105 3765 1155 3815 lois
1173 3773 1249 3818 natu·

132 3851 224 3903 relles:
237 3851 276 3900 les
286 3849 396 3913 plantes,
405 3864 438 3900 err
450 3850 495 3914 qui
507 3863 573 3900 noua
585 3863 618 3899 ne
629 3862 800 3913 remarquons
813 3848 841 3898 ni
852 3847 1038 3899 connaissance
1051 3847 1078 3896 ui
1094 3845 1248 3910 sentiment,

131 3932 170 3982 les
181 3931 284 3980 suivent
294 3931 389 3981 mleux.
401 3947 415 3979 a
427 3930 459 3995 (1,
471 3930 508 3994 l.)

162 4011 193 4074 (¹)
213 4011 256 4060 ull
267 4012 322 4062 s'en
333 4012 387 4061 saut
399 4025 451 4076 que
462 4010 487 4061 19
500 4010 596 4061 monde
613 4009 761 4074 intelligent
777 4009 826 4059 soit
843 4009 912 4059 aussi
929 4007 989 4059 bien
1007 4008 1137 4072 gouverne
1153 4022 1205 4071 que
1221 4008 1248 4060 le

132 4092 229 4142 monde
240 4091 396 4157 physique...
409 4091 444 4142 La
455 4092 541 4143 raison
551 4100 586 4143 'en
598 4097 637 4142 est
649 4089 701 4156 que
710 4091 749 4141 les
760 4093 828 4142 erres
839 4089 1002 4155 particuliers
1014 4089 1176 4152 intelligents
1187 4093 1250 4140 sont

132 4169 227 4218 borrie's
238 4182 285 4232 par
295 4168 353 4220 leur
369 4175 461 4220 nature
475 4173 510 4232 et,
522 4184 570 4236 par
584 4169 753 4233 consequent,
766 4167 847 4231 sujets
865 4167 880 4217 e
898 4167 1020 4231 l'erreur;
1040 4170 1074 4230 et,
1093 4166 1155 4217 d’un
1175 4173 1248 4218 autre

132 4250 197 4311 cete,
209 4248 228 4298 il
239 4254 278 4298 est
288 4250 320 4300 de
330 4251 389 4301 leur
399 4255 493 4302 nature
504 4250 583 4315 qu’ils
601 4249 715 4314 egissent
732 4263 778 4312 par
793 4249 987 4298 eux-memes.»
999 4247 1030 4311 (Ι,
1041 4247 1065 4298 1.
1078 4245 1116 4298 Cf.
1129 4247 1247 4310 eiusdem

131 4328 334 4393 capitlsduern.)
