2782 4950
639 345 797 407 ..effi

161 475 247 555 dum
262 477 313 547 rei
325 483 447 571 partes
458 479 707 550 tantummodo
723 484 821 552 sunt.
842 480 930 552 Inde
943 482 1019 552 nati
1036 489 1122 552 sunt
1135 500 1275 554 errores

161 594 222 687 qui
238 594 333 687 apud
354 595 489 666 multos
513 596 621 667 etiam
645 616 743 667 nunc
770 597 906 668 valent.
932 592 1020 669 Inde
1048 597 1090 669 tlt
1118 599 1217 670 enim
1235 606 1276 671 ut

32 696 39 717 ⁸
159 709 307 803 politica
343 712 552 783 oeconomia
580 712 743 806 privatae
775 713 944 784 utilitatis
973 733 1096 786 curam
1125 719 1275 786 unicum

159 827 347 899 societatis
365 828 581 922 principium
601 829 812 923 saepissime
833 827 1000 902 habuerit
1016 837 1053 902 et
1071 831 1275 922 legislatori

155 946 215 1033 jus
246 943 485 1038 denegaverit
510 945 548 1016 in
575 946 735 1037 negotiis
765 951 856 1039 quae
884 946 930 1017 ad
956 948 1210 1018 commercium
1238 952 1275 1019 et

157 1081 327 1153 operosas
348 1067 445 1133 artes
473 1062 631 1133 attinent
654 1081 735 1134 sese
762 1061 999 1134 immiscendi.
1030 1063 1179 1149 Contra,
1209 1063 1273 1134 sed

157 1175 200 1246 ob
231 1177 393 1249 eamdem
424 1199 585 1279 causam,
614 1178 653 1248 in
683 1177 802 1250 ethica
827 1181 890 1271 jus
922 1178 1068 1250 dominii
1099 1184 1273 1272 tanquam

156 1291 290 1385 aliquid
316 1315 381 1386 per
409 1314 449 1365 se
481 1293 670 1366 immotum
700 1299 738 1366 et
773 1295 1032 1366 inconcussum
1060 1293 1272 1388 plerumque

153 1405 317 1496 habetur,
341 1410 427 1481 dum
454 1431 474 1482 a
502 1409 768 1482 conditionibus
790 1410 926 1504 pendet
950 1394 1041 1504 quas
1062 1411 1269 1483 divitiarum

154 1525 307 1597 scientia
344 1526 562 1600 determinat
586 1548 769 1620 quaeque
804 1530 961 1600 maxime
980 1588 984 1594 .
1006 1527 1197 1600 instabiles
1237 1535 1272 1599 et

153 1642 314 1714 diversae
334 1650 431 1716 sunt.
553 1637 556 1646 ’

195 1759 307 1831 Immo
330 1780 416 1832 vero
430 1759 529 1832 hunc
545 1781 702 1833 errorem
721 1761 903 1834 discutere
923 1762 1171 1834 necessarlum
1193 1769 1271 1836 erat

151 1894 225 1946 non
236 1876 342 1948 modo
357 1883 402 1948 ut
414 1878 562 1970 politica
579 1877 733 1949 scientia
749 1878 952 1972 proficeret,
968 1878 1034 1949 sed
1048 1874 1156 1949 etiam
1170 1900 1271 1951 cons·

150 1992 355 2064 titueretur.
391 1991 486 2064 Sane
518 1993 661 2065 diversa
690 1993 751 2063 illa
779 1995 911 2079 studia,
940 2011 1031 2086 quae
1061 1994 1126 2064 sub
1158 1996 1269 2066 variis

149 2108 265 2180 titulis
291 2108 334 2180 de
367 2091 524 2202 politicis
549 2110 657 2181 rebus
691 2111 885 2203 separatim
917 2110 1134 2197 tractabant,
1171 2113 1270 2182 illam

148 2246 408 2320 praeparavere
426 2226 558 2321 quippe
579 2247 671 2319 quae
689 2227 795 2298 exiis
815 2233 971 2298 constet.
990 2229 1164 2298 Attamen
1181 2247 1268 2300 vere

147 2348 289 2413 tantum
305 2343 446 2414 exstitit
463 2364 545 2414 oum
561 2344 792 2430 manifestum
808 2339 955 2414 tandem
973 2343 1140 2435 apparuit
1159 2341 1269 2436 parti·

148 2459 288 2530 culares
305 2459 385 2529 illas
402 2461 575 2531 scientias
595 2466 695 2531 arcta
709 2457 981 2532 necessitudine
1003 2460 1095 2530 inter
1119 2480 1158 2531 se
1183 2472 1269 2532 con·

144 2573 251 2666 iungi
279 2581 317 2647 et
341 2576 501 2647 membra
526 2576 637 2647 unius
660 2575 820 2669 corporis
843 2592 937 2646 esse.
960 2573 1017 2645 Ad
1042 2596 1120 2646 eam
1144 2581 1268 2648 autem

145 2691 254 2761 animi
266 2693 539 2786 conceptionem
550 2693 731 2787 perveniri
742 2713 815 2764 non
826 2696 971 2784 poterat
983 2692 1151 2784 quamdiu
1164 2693 1268 2784 igno·

144 2805 289 2879 rabatur
310 2809 429 2880 omnia
448 2810 597 2902 quaein
617 2808 793 2881 societate
812 2809 907 2878 finnt
929 2808 1025 2880 inter
1047 2829 1085 2878 se
1106 2819 1267 2901 cognata

144 2945 238 2996 esse.
258 2925 488 2997 Secundatus
506 2946 609 3019 ergo,
629 2932 775 2997 mutuas
797 2924 1021 3018 politicarum
1041 2944 1162 2995 rerum
1182 2944 1266 2997 con-

142 3042 317 3114 nexiones
345 3042 638 3128 demonstrando,
665 3043 759 3113 hanc
786 3044 966 3112 unitatem
990 3040 1164 3112 scientiae
1185 3052 1266 3113 tros·

141 3163 219 3229 trae
238 3161 453 3252 praesensit,
473 3161 622 3231 confuse
642 3148 800 3252 quidem.
819 3156 964 3230 Etenim
980 3175 1161 3249 nusquam
1177 3157 1265 3229 dicit

141 3272 198 3344 his
208 3276 493 3367 quaestionibus,
505 3296 596 3368 quas
607 3274 740 3366 agitat,
752 3272 938 3345 definitam
947 3271 1138 3365 quamdam
1152 3273 1265 3345 soien-

141 3391 228 3463 tiam
252 3393 424 3464 constitui
447 3411 555 3487 posse
583 3408 675 3484 quae
700 3389 819 3461 omnia
843 3389 962 3461 civilia
985 3386 1083 3460 facta
1107 3391 1263 3483 amplec-

139 3514 250 3597 tatur,
269 3529 360 3602 quao
381 3515 485 3580 suam
502 3508 716 3581 methodum
735 3505 869 3578 habeat
884 3506 1100 3600 proprioque
1117 3507 1261 3578 nomine

139 3624 351 3718 appellanda
386 3625 447 3697 sit.
480 3625 567 3710 Sed,
596 3624 635 3694 in
662 3643 715 3708 re,
747 3623 901 3717 primum
935 3619 1044 3714 hujus
1084 3621 1260 3694 scientiae

139 3743 323 3833 specimen
357 3742 460 3834 quasi
490 3740 632 3812 inscius
669 3738 875 3834 posteritati
906 3736 1018 3809 dedit.
1051 3737 1113 3809 Sin
1146 3737 1262 3830 igitur

119 3874 120 3878 ’
138 3857 233 3949 quod
249 3857 287 3929 in
304 3859 381 3928 suis
397 3858 586 3953 principiis
601 3856 872 3948 involvebatur,
890 3865 1156 3949 nonexpresse
1176 3874 1260 3928 con·

136 3973 262 4059 eludit,
279 3980 379 4046 certe
402 3974 680 4048 successoribus
703 3972 782 4044 suis
804 3972 900 4044 marn
921 3971 1063 4065 aperuit
1083 3970 1157 4063 qui,
1177 3990 1259 4044 cum

133 4091 356 4183 rainiariam
390 4092 601 4179 instituent,
636 4093 710 4164 fera
745 4088 835 4160 nihil
871 4088 968 4159 aliud
1004 4087 1089 4159 novi
1124 4088 1258 4161 facient

133 4209 205 4279 nisi
236 4209 439 4282 studiorum
467 4208 613 4302 generi,
646 4207 742 4302 quod
770 4212 895 4279 noster
928 4205 1097 4290 tentavit,
1124 4217 1258 4278 nomen

131 4327 344 4419 imponent.'
735 4347 738 4351 ·
1025 4323 1027 4327 ’
