2782 4950
613 317 772 381 —64-

134 451 225 525 tioni
261 451 353 524 adeo
371 449 558 524 confidat.
595 449 765 522 Ceterum
801 469 875 521 nou
909 449 1178 544 contendimus,
1194 474 1252 525 res

134 565 263 639 civiles
279 588 343 662 per
359 587 399 637 se
416 563 592 638 absurdas
608 585 702 638 esse.
723 563 797 635 Sed
820 563 852 634 si
876 563 1051 658 quaedam
1072 565 1197 657 logica
1215 567 1252 641 in

132 681 178 753 iis
192 681 296 768 latet,
314 682 385 753 alia
413 687 471 754 est
494 687 603 776 atque
632 680 695 751 illa
718 701 824 774 quam
848 679 887 751 in
909 679 1119 754 deducendo
1136 681 1253 757 obser·

134 820 282 884 vamus3
310 819 384 871 nou
410 796 574 872 eamdem
602 795 872 891 simplicitatem
899 794 1025 881 habet3
1052 796 1138 886 quin
1163 798 1252 871 aliea

132 915 239 1007 leges
261 914 352 987 forte
378 915 554 1008 sequitur.
583 913 710 1007 ltaque
733 933 889 985 necesse
908 918 967 984 eet
993 934 1115 985 eame
1143 913 1252 988 rebus

133 1031 224 1126 ipsis
240 1030 457 1104 edissemus.
912 1100 914 1105 ,
1224 1093 1229 1101 .

177 1145 276 1218 Η111
304 1153 424 1218 autem
452 1145 614 1217 conlusio
632 1145 674 1215 ab
702 1144 909 1217 1111111111
936 1166 1081 1241 quoque
1101 1147 1249 1241 pendet.

135 1262 327 1334 Societatis
345 1264 463 1355 lagae,
482 1268 525 1333 ut
551 1262 720 1347 vidimus
748 1262 874 1334 violari
897 1270 1071 1356 possunt3
1098 1287 1189 1359 ergo
1206 1288 1252 1338 ex

134 1381 211 1451 sola
242 1401 361 1451 rerum
393 1378 644 1450 observatione
684 1383 792 1471 atque
834 1379 942 1450 etiam
980 1382 1249 1474 comparatione

132 1496 307 1569 constitui
325 1501 524 1591 nequeunt.
546 1493 651 1583 Quod
667 1501 737 1580 est,
754 1516 828 1566 non
848 1496 1054 1568 necessario
1071 1498 1248 1571 rationale

134 1619 209 1698 est;
227 1614 333 1705 leges
347 1618 469 1684 autem
493 1609 582 1683 nihil
611 1612 748 1684 habent
775 1611 871 1704 quod
896 1635 970 1684 non
988 1614 1164 1689 rationale
1187 1617 1247 1691 eit.

131 1728 259 1822 Itaque
297 1728 439 1802 etiamsi
472 1725 607 1821 aliquid
641 1726 793 1799 historia
830 1728 1138 1821 comprobaveris,
1171 1754 1248 1807 non

132 1845 276 1918 omnino
292 1850 417 1918 certus
432 1844 504 1917 eris
520 1844 557 1916 id
572 1865 699 1916 verum
716 1865 811 1917 esse.
831 1845 924 1917 Sunt
935 1845 1028 1919 vitia
1041 1869 1133 1941 quae
1153 1850 1251 1945 apud

133 1984 259 2037 omnes
280 1961 443 2056 ejusdem
464 1960 612 2053 generis
630 1966 765 2054 gentes
787 1968 995 2034 occurrunt.
1019 1962 1118 2057 Ergo
1136 1986 1185 2037 ex
1207 1987 1250 2039 ee
1284 1961 1292 1983 '

131 2077 226 2169 quod
257 2078 354 2172 apud
379 2079 472 2150 istas
498 2076 677 2173 reperitur
701 2076 907 2151 earumdem
939 2081 1110 2152 normalis
1136 2081 1252 2155 lor-ma

133 2193 287 2269 describi
313 2215 386 2265 uon
410 2199 546 2289 potest.
568 2193 606 2267 si
632 2214 751 2266 rerum
774 2199 905 2266 natura
928 2196 1154 2290 experientia
1175 2219 1251 2273 non

131 2311 287 2384 fideliter
309 2308 603 2406 deprehenditur,
624 2329 698 2382 uon
719 2330 766 2380 ex
788 2310 868 2382 sola
882 2312 1109 2406 experientia
1129 2312 1251 2388 disces

132 2449 226 2520 quae
241 2449 287 2500 ex
303 2448 347 2499 ea
360 2432 492 2498 natura
506 2431 721 2519 sequuntur.
734 2424 842 2496 Nulla
853 2426 967 2520 igitur
979 2428 1049 2499 alia
1059 2429 1120 2499 via
1134 2436 1252 2503 restat

133 2566 240 2638 quam
255 2542 410 2617 uthans
424 2542 542 2636 ipsam
559 2541 757 2615 essentiam
770 2563 1019 2638 assequamur,
1034 2543 1251 2618 definiamus

132 2668 241 2756 utque
273 2682 321 2734 ex
350 2681 394 2734 ea
419 2658 628 2732 definitione
657 2657 695 2729 id
719 2658 814 2753 quod
836 2659 989 2731 involvit
1012 2659 1249 2735 deducamus.

131 2778 187 2852 Ne
207 2776 404 2851 concludas
427 2781 549 2850 autem
570 2775 859 2849 observationem
878 2776 961 2849 ideo
980 2777 1159 2868 inutilem,
1184 2778 1251 2853 sed

132 2895 362 2988 aliquatenus
377 2889 805 2987 suspectamhabendam
822 2913 905 2965 esse
924 2893 1094 2986 quamdiu
1116 2893 1251 2968 deduc-

131 3013 232 3087 tione
256 3033 332 3084 non
357 3010 569 3084 confirmata
596 3013 666 3096 eet,
696 3015 747 3095 et,
770 3009 802 3082 si
827 3010 920 3084 forte
945 3011 1147 3083 confirmari
1174 3034 1250 3087 uon

132 3129 263 3224 possit,
280 3125 525 3221 rejiciendam.
538 3124 652 3197 Vides
667 3147 776 3219 quam
788 3127 1033 3200 necessarium
1047 3127 1149 3199 sitin
1161 3129 1250 3223 peli-

132 3247 207 3317 tica
221 3243 376 3319 scientia
392 3242 539 3335 signum
558 3248 700 3314 eertum
714 3241 752 3313 in
766 3243 876 3314 rebus
891 3242 983 3338 ipsis
997 3243 1162 3317 invenire
1176 3268 1248 3340 quo

131 3362 277 3439 morbus
305 3366 345 3433 et
368 3359 465 3432 hona
489 3356 660 3432 valetudo
687 3365 935 3433 secernantur.
962 3359 1016 3432 Eo
1044 3360 1141 3434 enim
1162 3361 1249 3437 defi·

132 3481 268 3566 ciente,
285 3478 330 3551 ad
351 3475 606 3550 deductionem
621 3476 828 3551 necessario
850 3477 1059 3570 eonngitur
1079 3484 1120 3552 et
1140 3478 1250 3554 simul

132 3598 274 3673 erebus
289 3593 482 3670 receditur.

674 3837 709 3915 11
832 3852 856 3967 A·

178 4058 264 4139 sive
297 4067 418 4134 autem
455 4054 672 4135 deductione
710 4077 777 4133 seu
811 4054 1022 4135 inductione
1058 4058 1247 4157 procedat,

132 4182 297 4278 regulam
327 4176 517 4274 quamdam
549 4175 708 4248 methodi
742 4177 906 4271 sequitur
939 4199 1030 4271 quae
1043 4277 1046 4282 ‚
1061 4181 1247 4274 praesenti

133 4298 306 4372 scientiae
323 4291 513 4370 retinenda
531 4300 600 4369 est
