2782 4950
631 309 786 372 ..46-

153 447 191 518 in
218 444 414 540 Republica
441 451 503 516 aut
530 445 568 514 in
597 443 819 538 Tyrannide;
848 444 1003 538 denique
1029 445 1065 516 in
1093 447 1254 540 gentibus

154 561 379 633 inferioribus
399 563 542 632 omnino
565 562 709 632 desunt.
734 560 861 652 ltaque
882 560 937 632 fac
958 561 1133 655 populum
1160 564 1255 633 unius

155 684 218 748 aut
243 678 390 749 alterius
413 677 559 771 generis
583 698 677 763 esse,
702 698 798 747 unus
829 677 987 748 omnium
1013 677 1181 813 legumt
1183 701 1257 751 enor

155 795 361 874 necessario
377 795 551 887 sequitur.

199 911 294 994 Quin
337 911 521 982 Secundae
505 915 565 981 tus
601 930 790 981 causarum
829 909 936 983 effect
920 915 1095 1004 tuumque
1138 913 1258 986 serien

154 1029 263 1099 etiam
284 1027 433 1118 longius
460 1027 605 1122 repetit.
630 1027 714 1098 Non
738 1026 843 1100 modo
871 1026 1098 1101 demonstrat
1121 1029 1258 1123 lagese

153 1145 338 1216 societatis
353 1145 465 1215 forma
488 1144 659 1237 pendere,
678 1145 742 1216 sed
769 1150 808 1217 et
823 1166 951 1221 causas
975 1167 995 1217 e
1022 1144 1153 1233 quibus
1167 1148 1258 1241 ipsae

153 1261 368 1332 societatum
384 1260 517 1332 formae
536 1260 696 1353 pendent
708 1260 878 1352 inquirit:
900 1260 996 1332 inter
1019 1284 1110 1354 quas
1133 1264 1258 1357 primas

152 1383 274 1470 partes
289 1383 391 1448 tenet
408 1376 592 1448 societatis
608 1376 816 1469 amplitudo,

196 1490 313 1585 Fing'e
331 1493 427 1565 enim
445 1493 657 1565 societatem
672 1493 710 1563 in
726 1498 905 1585 angustos
917 1493 1010 1566 fines
1022 1500 1256 1584 contractam

150 1630 255 1682 namo
284 1616 341 1680 est
374 1612 460 1703 quin
491 1630 549 1680 res
576 1630 785 1681 communes
819 1615 902 1681 ante
935 1611 1058 1682 oculos
1091 1615 1257 1685 continuo

149 1724 281 1801 habeat
315 1731 353 1798 et
383 1727 501 1797 animo
534 1726 784 1821 amplectatur.
817 1724 1023 1812 Praeterea,
1056 1735 1140 1798 cum
1167 1728 1258 1801 ritae

150 1842 373 1915 conditiones
391 1842 555 1914 omnibus
578 1838 725 1914 eaedem
748 1842 859 1914 ferme
885 1842 1018 1914 sint-
1033 1863 1117 1914 nam
1140 1845 1179 1915 in
1201 1842 1261 1916 tall

149 1959 296 2033 civitate
314 1958 470 2053 spatium
488 1960 607 2053 ipsum
630 1954 833 2030 diversitati
865 1957 1028 2031 deest-
1050 1965 1089 2031 et
1115 1960 1261 2034 vivendi

147 2077 237 2149 ratio
261 2097 335 2147 non
357 2076 457 2148 varia
481 2097 562 2147 esse
589 2079 729 2168 potest3
754 2073 863 2146 etiam
892 2074 952 2168 qui
975 2076 1261 2168 gubernaculum

146 2198 285 2280 tenent,
304 2199 493 2288 propterea
510 2190 605 2287 quod
621 2212 732 2285 parva
748 2195 943 2284 potestate,
963 2212 1026 2286 pro
1043 2192 1168 2287 populi
1183 2212 1261 2289 par·

145 2310 271 2394 vitate,
300 2308 539 2388 instruuntur,
565 2306 653 2377 nihil
679 2305 775 2376 aliud
804 2311 890 2378 sunt
913 2291 1020 2402 quam
1040 2306 1146 2402 primi
1166 2309 1261 2383 inter

145 2448 262 2520 pares.
281 2424 424 2498 Patriae
444 2424 559 2516 igitur
581 2424 705 2516 imago
731 2443 804 2494 non
830 2420 936 2495 modo
966 2422 1125 2496 omnium
1147 2415 1260 2498 menti

146 2540 370 2626 obversatur,
396 2536 460 2611 sed
487 2539 679 2611 maximam
709 2539 784 2608 vim
811 2536 920 2611 habet
953 2539 1036 2634 quia
1062 2539 1163 2612 nulla
1191 2541 1260 2614 alia

147 2657 352 2729 continetur
361 2658 413 2748 (¹).
432 2658 486 2726 Ex
502 2655 569 2726 hac
585 2652 826 2748 descriptione
844 2651 1075 2748 Reipublicae
1091 2663 1258 2730 naturam

142 2773 306 2867 agnoscis
324 2769 381 2866 (²).
407 2770 445 2842 Si
462 2792 548 2843 vero
565 2770 722 2842 societas
745 2768 890 2858 crescit,
915 2771 1033 2842 omnia
1053 2779 1253 2847 mutantur.

139 2887 232 2960 Nam
249 2909 436 2960 commune
453 2885 587 2959 bonum
609 2887 743 2959 sentire
767 2885 907 2981 privato
933 2887 1063 2981 cuique
1087 2887 1158 2959 civi
1179 2891 1255 2984 jam

143 3004 321 3076 difficilius
345 3011 415 3091 est,
443 3004 575 3101 quippe
597 3002 658 3098 qui
688 3002 911 3096 publicarum
938 3024 1057 3076 rorum
1084 3004 1257 3098 exiguam

144 3127 285 3193 tantum
321 3127 461 3219 partem
496 3120 683 3215 adspiciat.
718 3119 1020 3192 Circumstantiae
1051 3128 1253 3215 praeterea,

142 3257 225 3309 oum
248 3237 360 3308 multo
381 3236 499 3328 magis
521 3235 684 3308 diversae
705 3235 789 3320 sint,
813 3235 979 3328 singulos
1002 3235 1194 3330 impellunt
1212 3245 1255 3311 ut

141 3353 200 3424 alii
215 3352 284 3424 alio
299 3352 453 3424 tendant
469 3358 506 3424 et
528 3353 689 3424 serantur
714 3350 751 3422 in
772 3350 926 3425 diversa.
950 3350 1053 3424 Adde
1077 3374 1254 3428 summam

140 3469 392 3543 auctoritatem
407 3472 547 3540 tantam
561 3466 654 3541 effici
669 3472 723 3553 ut,
752 3467 813 3568 qui
835 3489 914 3539 eam
937 3474 1095 3570 exercet,
1119 3470 1252 3544 ceteris

138 3588 250 3679 longe
265 3583 532 3681 superemineat
540 3582 591 3676 (⁸).
612 3583 739 3678 ltaque
756 3604 801 3657 ex
819 3581 1017 3678 Republica
1036 3584 1191 3659 societas
1213 3585 1252 3660 in

169 3807 200 3876 (¹)
215 3810 308 3862 «Dans
325 3824 377 3861 nne
397 3807 477 3874 patlle
496 3806 658 3874 republiqua
675 3807 700 3860 le
717 3809 778 3860 hlen
797 3808 886 3874 public
903 3813 942 3860 est
961 3808 1049 3861 mian:
1065 3810 1143 3876 santi,
1162 3813 1253 3865 mionr

135 3890 829 3957 conccplospreadaclraquscrloyan»(V111‚ld)

166 3972 197 4038 (¹)
215 3973 258 4027 cll
269 3978 307 4025 est
318 3972 350 4024 de
362 3974 386 4023 la
398 3976 490 4024 nature
501 3973 533 4024 de
549 3971 574 4021 la
589 3971 744 4038 republiqna
755 3986 790 4036 qu
792 3971 850 4022 ’elle
860 3986 879 4027 ιι
880 3971 924 4024 ait
935 3986 970 4039 qu
971 3972 1016 4024 ἰιιι
1024 3973 1088 4041 polit
1102 3974 1250 4064 territoire
1241 4007 1251 4044 ‚

132 4069 193 4105 sans
204 4054 269 4114 cela
281 4053 333 4104 elle
344 4067 378 4104 ne
389 4058 449 4117 peut
461 4053 540 4118 guero
552 4050 685 4103 subsister.
697 4067 710 4102 ι
724 4051 806 4116 (ibid.
809 4051 822 4117 Ι

161 4137 198 4203 (ὃ)
208 4136 300 4186 «Dana
311 4148 364 4185 una
375 4132 472 4200 grando
485 4125 649 4198 repetoque,
660 4133 679 4183 il
691 4149 706 4201 y
717 4149 732 4184 a
743 4133 775 4184 de
785 4134 899 4198 grandes
910 4135 1043 4189 formasa:
1055 4135 1074 4189 11
1087 4149 1104 4202 y
1119 4151 1134 4188 ι
1146 4137 1180 4193 do
1190 4141 1250 4203 trop

132 4217 228 4282 grands
239 4216 349 4281 depdts
341 4231 355 4266 a
366 4219 460 4266 mettre
471 4219 544 4266 entre
554 4215 593 4267 les
603 4214 689 4266 mains
700 4215 763 4265 d’un
774 4212 888 4281 cltoyen·
881 4249 889 4280 ,
903 4216 942 4267 les
953 4216 1059 4268 intortis
1070 4232 1098 4270 ee
1109 4219 1249 4282 particula-

131 4296 221 4348 risent.
234 4311 247 4346 ι
261 4294 356 4360 (ibid.)
