2782 4950
608 331 703 394 „51
725 367 765 380 ..

129 471 275 536 tantum
291 464 435 536 casibus
452 465 619 553 occurrit,
628 463 678 536 'eo
687 470 809 536 tamen
823 470 1043 536 monstratur
1057 468 1244 557 quantum,

131 602 179 651 ex
196 579 413 664 Secundate,
432 580 552 651 ualeat
568 580 739 674 principis
756 581 964 653 auctoritas.
1199 652 1200 656 ,

177 697 296 768 Facile
309 696 495 788 intelliges
507 696 603 768 unde
618 695 685 769 hoc
703 699 843 769 venerit
859 698 889 768 si
902 697 1006 769 modo
1019 676 1247 791 perspexeris

133 833 204 906 quo
222 833 333 884 sensu
351 813 581 885 Secundatus
607 813 739 885 dixerit
764 815 869 906 leges
891 813 1067 884 humanas
1088 835 1107 884 e
1129 834 1248 884 rerum
1276 812 1279 817 ’

131 934 262 1000 natura
289 928 404 1021 sequi.
424 928 626 1001 >Sententia
651 930 744 1001 enim
777 952 841 1023 par
872 951 911 1000 se
941 929 1111 1021 ambigua
1135 934 1252 1003 estet

132 1045 314 1138 duplicem
330 1046 666 1139 interpretationem
687 1045 834 1139 patitur.
853 1048 929 1117 Aut
948 1045 1054 1137 leges
1078 1066 1255 1128 ererum,

131 1161 244 1264 idest
259 1183 279 1232 e
295 1161 511 1233 societatum
526 1168 656 1234 natura
676 1163 881 1234 necessario
902 1161 1066 1239 oriuntur
1086 1167 1128 1247 ut
1144 1159 1250 1237 effec-
1294 1234 1296 1238 ,

130 1283 195 1348 tus
217 1299 236 1348 e
258 1299 369 1348 causa
388 1299 479 1371 quae
497 1299 580 1350 eum
597 1279 737 1370 gignit:
761 1284 824 1350 aut
840 1277 956 1348 media
977 1277 1261 1369 quaedamtape,

134 1392 321 1465 tummodo
349 1394 446 1465 sunt
460 1416 551 1487 quae
578 1394 764 1466 societatis
788 1400 919 1465 natura
938 1393 1087 1485 requirit
1107 1398 1150 1462 ut
1170 1376 1251 1484 1ρει

134 1509 355 1595 absolvatur,
373 1509 421 1580 id
452 1516 510 1581 est
538 1512 582 1581 ad
615 1511 725 1584 finem
753 1531 858 1580 suum
883 1509 1086 1604 perveniat3
1121 1508 1250 1600 quibus

134 1632 259 1719 tamen
281 1646 402 1698 carere
418 1633 554 1720 potest.
572 1627 671 1697 Aliis
682 1627 816 1710 verbis,
834 1633 956 1697 utrum
972 1622 1251 1715 intelligendum

130 1747 197 1812 *est
209 1738 394 1814 societatis
410 1748 544 1814 statum
560 1743 686 1835 legum
703 1764 850 1813 causam
866 1741 1082 1812 efficientem
1098 1760 1191 1826 esse,
1205 1760 1251 1809 an

137 1853 344 1928 earumdem
357 1878 504 1929 causam
516 1858 764 1930 tantummodo
776 1857 942 1928 finalem?
955 1856 1115 1926 Priorem
1128 1861 1251 1927 autem

137 1964 286 2045 sensum
318 1994 364 2044 ne
393 1973 569 2066 suspicari
586 1974 729 2067 quidem
749 1973 894 2044 videtur
910 1971 1151 2043 Secundatus.
1169 1970 1252 2042 Non

136 2088 225 2160 dicit
242 2110 288 2161 ex
303 2090 483 2183 paucitate
502 2089 657 2176 avium,
680 2088 901 2161 ineluctabili
925 2088 1078 2181 quadam
1094 2088 1252 2161 necessi-

137 2211 227 2290 tate,
240 2203 487 2278 Demecratiae
500 2205 606 2298 leges
619 2206 720 2276 nasci
732 2211 905 2298 tanquam
917 2190 1072 2277 calorem
1087 2226 1133 2276 ex
1148 2204 1248 2300 igne,

137 2321 203 2394 sed
220 2343 282 2394 eas
300 2322 394 2393 solas
411 2344 490 2394 esse
509 2308 638 2415 quibus
654 2322 845 2413 frugalitas
862 2328 900 2392 et
916 2321 1073 2392 emnium
1100 2321 1252 2413 aequali·

136 2443 206 2523 tas,
224 2436 314 2530 quae
329 2438 368 2508 in
380 2437 584 2530 hujusmodi
595 2437 779 2533 societatis
792 2444 923 2509 natura
938 2444 1007 2526 est,
1023 2437 1068 2508 ad
1084 2437 1252 2529 effectum

138 2553 268 2625 adduci
288 2558 406 2645 queat.
426 2553 597 2626 Ceterum
616 2575 689 2624 non
704 2552 785 2624 ideo
801 2554 906 2645 leges
926 2576 972 2625 ex
986 2553 1132 2625 libidine
1148 2553 1252 2623 fabri-

137 2669 210 2741 cari
225 2675 397 2763 possunt;
414 2693 510 2755 nam,
536 2669 631 2742 datis
659 2669 871 2762 quibusdam
892 2670 1016 2764 populi
1041 2669 1252 2757 conditioni·

137 2783 220 2869 bus,
251 2805 363 2854 unum
389 2785 515 2876 legum
543 2805 673 2877 corpus
702 2785 879 2877 estquod
905 2786 938 2856 ei
965 2785 1158 2857 conveniat
1184 2805 1252 2856 nec

137 2902 251 2972 ullum
272 2901 368 2973 aliud
385 2901 526 2994 'imponi
551 2901 667 2994 possit
695 2901 774 2973 sine
802 2901 987 2974 societatis
1009 2901 1250 2993 corruptione.

139 3017 212 3089 Sed
228 3023 270 3089 ut
285 3018 517 3112 provideatur
530 3018 615 3110 quid
630 3019 734 3110 genti
751 3019 882 3112 cuique
898 3025 1089 3110 congruat,
1100 3039 1251 3104 necesse

139 3140 198 3204 est
225 3134 388 3207 homines
420 3155 500 3227 asse
532 3134 602 3228 qui
624 3140 731 3206 acuto
762 3135 911 3227 ingenio
945 3157 1065 3206 rerum
1087 3119 1251 3206 naturam

135 3243 350 3320 scrutentur
377 3256 414 3322 et
436 3271 505 3342 que
530 3250 631 3322 tendi
656 3249 788 3322 debeat
810 3257 848 3322 et
871 3272 941 3344 qua
963 3251 1023 3322 via
1046 3251 1250 3343 dispiciant.

139 3367 218 3435 Hoc
234 3369 291 3436 est
305 3364 550 3456 legislatorum
567 3387 718 3451 munus;
737 3365 787 3435 nil
803 3366 931 3437 mirum
945 3367 1059 3457 igitur
1076 3366 1105 3434 si
1124 3365 1255 3460 Secun-

140 3480 247 3551 datus
260 3480 457 3574 'primatum
474 3480 664 3574 quemdam
680 3482 750 3552 illis
769 3482 982 3554 attribuerit.
999 3482 1116 3573 Finge
1129 3488 1255 3553 contra

139 3597 246 3687 leges
262 3618 281 3668 e
298 3597 419 3668 causis
431 3597 776 3679 efficientibusnriri
793 3620 942 3691 quarum
958 3598 1067 3669 etiam
1090 3581 1254 3692 homiues

141 3713 286 3805 saepius
305 3712 481 3784 inconscii
507 3719 604 3799 sunt,
623 3713 846 3804 legislatoris
867 3713 983 3785 efficia
1001 3713 1077 3804 jam
1093 3715 1256 3783 minuun-

114 3836 219 3913 .tur;
242 3850 324 3898 nam
348 3829 385 3898 in
415 3850 457 3900 eo
486 3834 628 3899 tantum
657 3830 862 3901 consistunt
877 3835 929 3914 ut,
950 3829 1043 3923 quod
1064 3829 1102 3900 in
1125 3816 1255 3902 ceteris
1301 3854 1303 3857 ·

141 3943 376 4016 conscientiis
394 3945 583 4017 obscurius
603 3946 704 4037 latet,
728 3946 956 4018 manifestius
976 3947 1164 4040 exprimat.
1185 3947 1255 4018 Sed

36 4058 56 4071 ”
139 4061 231 4133 nihil
259 4069 322 4132 aut
348 4062 421 4132 fere
448 4061 537 4131 nihil
567 4083 701 4132 novum
733 4063 935 4155 excogitat3
964 4063 1084 4147 imme,
1115 4063 1256 4135 etiamsi

140 4178 249 4262 absit,
264 4177 352 4248 nihil
368 4177 519 4271 impedit
533 4178 618 4270 quin
634 4179 738 4270 leges
756 4184 903 4250 exstent
919 4200 1122 4272 quanquam
1136 4179 1257 4248 minus

139 4287 325 4365 definitae.
342 4295 436 4364 Sane
450 4314 522 4363 non
536 4293 640 4364 scribi
654 4300 809 4388 pessunt
825 4295 895 4366 nisi
909 4317 974 4388 per
989 4294 1254 4387 legislatorem
