2782 4950
660 378 703 395 ..
722 342 763 408 42
782 381 821 394 ..

190 477 322 554 Romae
343 482 381 552 et
401 478 556 552 Athenis
576 500 691 574 pauca
712 481 887 574 cujusque
907 479 997 553 civis
1013 484 1156 577 propria
1172 482 1295 568 luisse,

190 603 298 690 atque
313 596 406 668 hanc
426 594 538 667 luisse
558 614 704 667 causam
720 616 791 688 qua
811 596 966 670 societas
981 596 1084 670 fieret
1102 618 1187 668 una.
1209 597 1300 670 Con·

190 717 258 798 tra,
280 711 375 807 apud
390 730 470 802 nos,
492 711 651 806 privatae
668 713 765 784 vitae
781 712 872 785 lines
892 713 1003 786 latius
1020 714 1176 808 prolatae
1198 720 1299 801 sunt3

189 829 441 923 unusquisque
457 833 622 900 nostrum
640 848 740 900 suam
758 828 915 901 indolem
928 828 1050 918 habet,
1065 850 1151 902 suas
1168 829 1303 925 opinio-

189 962 269 1032 nes,
287 966 372 1017 euos
392 967 521 1031 mores,
541 966 641 1017 snam
663 944 888 1038 religionem,
907 968 1018 1041 seque
1039 952 1077 1020 et
1098 969 1182 1018 suas
1202 969 1262 1020 res
1283 970 1303 1018 a

191 1062 364 1164 societate
396 1060 621 1156 publicisque
656 1062 764 1134 rebus
798 1064 944 1157 penitus
975 1065 1144 1136 secernit.
1174 1064 1303 1159 Populi

189 1179 304 1273 igitur
321 1198 522 1251 consensus
536 1199 610 1250 non
625 1178 721 1251 idem
733 1200 815 1252 esse
831 1200 949 1273 neque
961 1201 1007 1252 ex
1022 1177 1148 1252 eadam
1161 1180 1302 1272 origine

192 1295 274 1367 oriri
289 1298 423 1388 potest,
443 1292 507 1365 sed
524 1313 570 1365 ex
587 1291 718 1365 laboris
736 1294 911 1366 divisione
929 1314 1020 1388 quae
1039 1297 1138 1367 cives
1158 1302 1196 1368 et
1214 1295 1305 1367 ordi·

191 1435 257 1486 nes
282 1409 370 1484 alios
392 1410 471 1483 aliis
496 1410 722 1484 necessarios
745 1411 866 1484 efficit.
890 1410 1055 1509 Denique
1076 1410 1145 1486 hoc
1169 1435 1302 1506 genus,

193 1528 287 1624 quod
315 1526 521 1622 Tyrannida
545 1533 663 1615 vocat,
692 1550 712 1599 a
737 1527 868 1600 ceteris
894 1528 1174 1624 prudentissime
1203 1552 1307 1625 sepa-

192 1646 297 1718 ravit.
332 1644 425 1717 Nam
457 1644 648 1717 Persarum
678 1651 740 1716 aut
767 1644 963 1717 Turcorum
995 1646 1184 1740 imperium
1216 1646 1307 1718 nihil

191 1781 379 1834 commune
393 1758 503 1833 habet
519 1776 602 1832 cum
614 1760 757 1852 graecis
774 1762 948 1835 italicisve
964 1762 1171 1835 civitatibus
1185 1782 1307 1855 nequo

192 1899 274 1950 cum
289 1873 495 1948 christianis
511 1874 676 1970 Europae
693 1876 878 1969 gentibus.

235 1997 282 2066 At
302 1993 396 2065 enirn
413 1991 592 2086 Tyrannis
610 1994 723 2064 forma
741 1999 882 2066 tantum
899 1992 1128 2067 Monarchiae
1148 2002 1221 2079 est3
1241 2018 1309 2070 rex

193 2110 300 2195 enim,
320 2115 357 2181 et
377 2108 415 2180 in
436 2106 657 2195 Monarchia,
677 2111 782 2202 leges
803 2108 966 2183 mutandi
983 2112 1044 2204 jus
1064 2109 1190 2198 habet;
1214 2134 1309 2206 ergo

191 2226 307 2322 ipsius
326 2225 495 2298 voluntas
512 2248 679 2320 suprema
694 2226 753 2298 lex
770 2231 838 2299 est.
857 2224 1064 2299 Notandum
1079 2248 1165 2301 vero
1182 2251 1311 2301 aarum

193 2343 408 2416 societatum
430 2341 650 2415 structuram
670 2342 814 2415 omnino
836 2342 1014 2415 diversam
1035 2344 1138 2417 esse':
1160 2363 1308 2439 nempe,

192 2461 230 2532 in
254 2456 471 2553 tyrannide,
499 2480 543 2531 ea
576 2456 786 2532 diversitate
820 2455 931 2532 caret
950 2481 1041 2554 quae
1074 2457 1310 2535 Monarchiae

193 2572 385 2672 peculiaris
402 2582 471 2648 eat.
491 2574 661 2649 Ceterum
677 2577 729 2646 nil
747 2574 855 2648 refert
878 2582 999 2648 utrum
1022 2596 1095 2648 rex*
1110 2577 1147 2647 in
1167 2574 1312 2657 Monar-

194 2690 274 2766 'chia
288 2693 394 2785 leges
410 2688 572 2764 mutandi
583 2690 645 2791 jus
668 2690 800 2764 habeat
820 2715 866 2763 an
884 2713 975 2778 non;
997 2714 1081 2762 nam
1097 2692 1310 2765 facultatem

103 2880 105 2885 ⁴
193 2814 313 2906 reipsa
342 2831 417 2880 non
447 2807 567 2895 habet,
599 2815 791 2904 propterea
822 2808 917 2902 quod
949 2806 1111 2880 ordinum
1142 2815 1311 2903 potestas

193 2927 308 3022 ipsius
331 2929 551 3022 potestatem
576 2924 750 2996 continet.
781 2923 986 2996 Secundato
1009 2923 1153 3018 quidem
1178 2925 1311 2998 merito

195 3042 375 3137 objectum
409 3047 466 3114 est
500 3046 736 3135 tyrannorum
768 3039 957 3137 imperinm
989 3041 1067 3111 sine
1095 3036 1169 3139 ulio
1202 3040 1312 3112 modo

194 3181 373 3252 nusquam
399 3156 585 3230 exstitisse
596 3157 647 3248 (¹).
668 3157 739 3228 Sed
763 3155 915 3250 scriptor
929 3156 1008 3250 ipse
1029 3155 1179 3250 primam
1203 3177 1313 3249 quam

195 3277 344 3350 dederat
379 3274 625 3348 definitionem
662 3270 867 3345 emendavit
902 3278 939 3345 et
972 3274 1014 3372 in
1045 3273 1124 3367 ipsa
1166 3292 1313 3368 quoquc

194 3389 397 3488 Tyrannide
424 3388 603 3485 quoddam
626 3411 707 3462 esse
735 3411 895 3462 summae
920 3389 1113 3485 potestatis
1134 3396 1314 3484 tempera-

194 3518 357 3586 mentum
370 3511 532 3604 agnovit,
553 3508 617 3582 sed
637 3508 733 3580 aliud
752 3509 913 3603 atquein
928 3505 1146 3580 Monarchia.
1165 3506 1312 3581 Etenim

195 3639 269 3698 'non
294 3647 340 3698 ex
365 3624 589 3698 diversorum
616 3624 780 3697 ordinum
801 3622 1030 3696 instintione
1054 3622 1177 3708 oritur,
1202 3622 1266 3694 sed
1291 3645 1312 3696 e

196 3764 335 3814 summa
364 3748 401 3814 et
421 3742 597 3834 singulari
625 3742 838 3814 auctoritate
862 3763 933 3835 qua
954 3739 1085 3831 religio
1108 3759 1182 3810 non
1204 3739 1313 3810 modo

196 3859 292 3955 apud
318 3859 503 3953 populum,
534 3856 598 3931 sed
628 3859 736 3930 etiam
769 3855 863 3951 apud
887 3862 1082 3951 tyrannum
1108 3854 1238 3928 fruitur
1254 3857 1267 3946 (
1283 3857 1310 3946 ).

202 4118 205 4123 >
226 4093 257 4156 (¹)
272 4091 356 4158 lacet,
370 4108 413 4159 cp.
426 4094 481 4154 ott„
493 4093 526 4156 ll,
538 4093 593 4146 345.

226 4174 258 4238 (¹)
275 4173 365 4225 «C'est
375 4175 399 4225 la
411 4175 521 4239 religion
533 4174 577 4239 qui
588 4173 689 4238 corrige
704 4188 740 4225 un
752 4187 802 4237 peu
817 4173 843 4223 la
853 4170 1022 4223 constitution
1034 4175 1137 4236 turqne.
1148 4185 1161 4221 r
1173 4168 1204 4235 (V
1215 4167 1268 4237 tt.)
1279 4194 1311 4211 -

197 4255 239 4305 «ΙΙ
250 4269 266 4320 y
277 4271 291 4306 a
303 4257 426 4319 pourtant
436 4269 487 4305 une
498 4255 577 4304 chose
589 4269 640 4319 que
651 4253 704 4304 l'on
716 4259 777 4318 peut
788 4251 950 4318 quelquelois
961 4264 1072 4316 opposer
1087 4250 1102 4300 a
1118 4251 1143 4300 la
1158 4250 1261 4300 volente
1273 4251 1310 4302 dd

195 4334 295 4398 prinae,
312 4336 375 4386 c’est
393 4335 417 4385 la
436 4334 578 4401 religiono
596 4333 654 4398 (ΙΙΙ,
672 4332 764 4396 10.)-
781 4333 839 4384 «De
857 4332 882 4383 la
897 4331 968 4384 vient
986 4346 1044 4397 qne,
1062 4333 1127 4384 dans
1143 4345 1173 4384 ce
1190 4342 1262 4397 pays,
1282 4329 1310 4382 la
