2782 4950
614 346 774 407 ..15-

133 477 279 548 cuidam
295 479 464 550 materiae
484 500 564 550 sese
591 479 748 571 applicet
770 485 812 549 ut
836 500 913 550 eam
939 485 1153 570 cognoscat,
1174 481 1252 552 sine

131 593 210 663 ulla
224 594 392 665 utilitatis
416 615 513 665 cura.
532 594 586 664 Ea
607 595 703 666 enirn
727 593 944 690 conditione,
968 601 1127 688 urgente
1152 596 1253 666 nulla

134 712 229 782 vitae
256 711 491 800 necessitate,
516 712 641 804 procul
666 733 687 781 a
708 711 910 782 forensibus
933 713 1154 805 privatisque
1180 733 1253 783 cer-

132 828 330 899 taminibus
363 829 400 899 in
431 827 611 898 umbratili
640 847 729 921 pace
764 833 802 898 et
837 828 1094 919 tranquillitate
1124 829 1252 900 studiis

131 965 263 1015 vacare
289 945 387 1029 licet,
414 964 482 1015 nec
513 943 707 1036 quidquam
729 963 796 1014 nos
823 943 951 1015 incitat
973 950 1015 1015 ut
1036 945 1187 1035 ‚longius
1213 945 1251 1014 in

134 1059 382 1132 concludendo
414 1058 689 1152 progrediamur
720 1080 827 1151 quam
858 1061 983 1131 sinunt
1019 1067 1249 1152 argumenta.

136 1175 231 1246 Sane
248 1175 385 1269 ea'ipsa
401 1197 493 1268 quae
510 1174 679 1247 derebus
695 1175 885 1246 abstractis
903 1176 1108 1268 cogitamus
1129 1198 1251 1270 epec-

134 1299 213 1364 tore
242 1292 425 1377 oriuntur;
453 1298 584 1385 pectus
608 1291 703 1364 enim
726 1292 807 1363 fons
830 1293 945 1373 totius
967 1293 1076 1365 vitae.
1106 1294 1190 1379 Sed,
1205 1295 1251 1364 'ni

134 1408 244 1480 animi
261 1409 448 1481 affectibus
465 1414 602 1480 temere
616 1408 794 1480 inservire
810 1409 979 1498 uelimus,
996 1415 1165 1503 opportet
1188 1432 1251 1485 eos

133 1522 272 1598 ratique
298 1524 475 1597 moderari
505 1526 751 1617 rationemque
775 1525 856 1598 ideo
884 1548 994 1620 supra
1016 1527 1117 1602 vitae,
1138 1548 1251 1598 casus

134 1649 171 1714 et
190 1648 349 1729 eventus
370 1643 559 1728 extollere3
577 1663 732 1735 namque
754 1642 870 1731 aliter,
889 1663 973 1715 curn
992 1643 1251 1736 cupiditatibus

134 1761 340 1853 omnigenis
370 1759 487 1854 impar
514 1761 575 1846 sit,
607 1781 646 1833 se
677 1780 752 1852 quo
783 1760 1011 1853 impellerent
1044 1760 1257 1833 necessario.

133 1885 376 1951 converteret.

175 1992 233 2067 Ne
249 1994 392 2066 credas
420 2000 541 2067 autem
568 1993 757 2065 scientiam
785 1994 870 2064 ideo·
903 1993 1067 2065 inutilem
1095 2014 1177 2066 esse
1205 1994 1250 2064 ad

133 2099 332 2204 regendam
354 2111 539 2183 hominum
561 2112 691 2196 vitam3
718 2110 786 2180 arti
810 2117 936 2182 contra
959 2131 1007 2182 eot
1018 2110 1137 2202 magis
1152 2111 1250 2180 auxi-

132 2227 241 2299 liatur
264 2247 334 2320 quo
354 2227 483 2299 melius
506 2223 557 2297 'ab⁴
575 2248 618 2299 ea
641 2232 841 2320 separatur.
866 2227 1011 2298 Etenim
1036 2226 1121 2319 quid
1146 2226 1249 2298 nobis

134 2344 325 2438 optabilius
343 2351 401 2416 est
415 2365 526 2438 quam
545 2349 667 2416 mente
681 2350 719 2415 et
740 2364 896 2438 corpore.
912 2365 1020 2414 sanos
1043 2344 1156 2418 esse‘l
1166 2343 1250 2414 Sola

134 2467 254 2533 autem
284 2462 436 2533 scientia
468 2458 697 2534 determinari
736 2467 860 2554 potest
891 2461 929 2530 in
966 2481 1035 2553 quo
1075 2459 1250 2530 consistat

133 2571 265 2649 mentis
285 2578 515 2672 corporisque
539 2579 633 2649 bona
654 2576 838 2648 valetudo.
858 2576 1023 2648 scientia
1042 2577 1150 2657 enim,
1166 2598 1249 2648 curn

133 2694 261 2764 uanas
286 2694 472 2766 hominum
515 2693 720 2766 societates
750 2715 825 2786 per
856 2703 993 2784 genera
1035 2698 1072 2764 et
1105 2693 1248 2785 species

135 2814 296 2902 separet,
324 2802 416 2903 quae
448 2809 497 2881 sit
534 2810 706 2882 normalis
740 2809 837 2881 vitae
872 2809 1038 2903 politicae
1069 2809 1182 2880 forma
1211 2804 1249 2878 in

135 2944 275 3019 quaque
307 2927 432 3020 specie.
454 2948 527 2998 non
553 2926 756 2998 describere
783 2947 863 2997 non·
892 2931 1026 3020 potest,
1057 2932 1256 3020 propterea»

135 3045 229 3135 quod
255 3044 422 3138 speciem·⁴
440 3037 556 3138 ipsam
581 3043 773 3116 describit:
799 3065 882 3113 narn
907 3042 1079 3137 quidquid
1103 3042 1148 3113 ad
1174 3065 1249 3136 spe-

134 3160 225 3230 ciem
257 3161 396 3232 attinet.
421 3160 579 3231 normale
612 3165 681 3246 est,
714 3158 887 3252 quidquid
919 3166 1041 3232 autem
1060 3159 1257 3243 normale,

136 3292 276 3347 sanum.
311 3275 515 3349 Praeterea·
538 3297 621 3347 curn
652 3276 691 3345 in
729 3276 842 3347 altera
869 3275 1044 3347 scientiae
1074 3281 1176 3368 parte
1185 3291 1189 3309 ‘¹
1204 3276 1248 3346 de

134 3391 266 3462 morbis
292 3393 567 3484 morborumque
595 3392 717 3463 cau-sis
745 3397 890 3482 agatur,
919 3391 1003 3462 non*
1022 3392 1144 3462 modo*
1163 3391 1256 3483 quid·

136 3508 343 3601 optandum,
362 3509 426 3580 sed
437 3509 552 3581 vetiarn
566 3507 651 3601 quid
660 3507 877 3599 fugiendum
890 3513 927 3579 et
940 3529 1011 3600 qua
1021 3507 1086 3576 via
1094 3506 1261 3579 arcenda-¹

134 3625 293 3716 pericula
311 3626 395 3716 sint,
411 3625 654 3696 admonemur
672 3623 800 3716 Itaque
816 3621 894 3694 hoc.
905 3622 1122 3716 artissipsius
1139 3623 1256 3694 refert

135 3740 406 3813 ut'scientiaab
423 3763 466 3813 ea
483 3742 649 3834 sejuncta
665 3740 768 3832 quasi
783 3739 1084 3811 manumittatur.

143 3894 145 3899 ,
178 3857 402 3928 Addendum
424 3864 481 3930 est
499 3863 621 3930 autem
646 3855 792 3928 cuilibet
820 3856 1117 3928 scientiaelsuam
1136 3861 1248 3950 mate-

136 3967 222 4043 riam
236 3973 416 4067 propriam
434 3979 471 4045 et
492 3973 710 4067 peculiarem
724 3993 813 4044 ⁴esse
835 3970 990 4043 debere:
1013 3992 1096 4041 narn
1116 3970 1248 4041 sicum

137 4084 212 4158 aliis
232 4089 400 4175 ‘scientiis
431 4109 763 4162 eamcommunem
793 4087 954 4173 haberet,
984 4089 1065 4182 ipsa
1095 4108 1177 4158 oum
1202 4087 1267 4157 iis

138 4205 426 4278 confunderetur.
