2782 4950
555 338 712 401 ..35..¹

84 477 180 548 cium
203 475 368 549 stimulos
390 471 497 556 tollit,
522 469 653 564 quippe
675 468 772 561 quod
794 470 872 543 sine
896 470 1050 563 quadam
1072 472 1193 548 condi-

84 593 224 666 tionum
238 590 496 686 inaequalitate
513 585 656 660 difficile
681 585 1031 681 aristotelisque
1056 589 1194 680 singrrli

83 711 158 782 fera
193 709 320 783 eadem
359 709 494 799 agunt3
526 702 679 787 scilicet,
709 724 756 776 ex
781 702 935 795 quadam
966 710 1083 783 terrae
1114 725 1196 799 por-

83 827 196 911 tione,
224 845 315 918 quae
348 821 513 895 omnibus
541 839 657 913 aequa
686 824 754 905 est,
792 840 884 912 quae
921 819 966 893 ad
999 820 1197 898 nuendum

83 940 292 1016 necessaria
307 945 394 1013 sunt
405 959 576 1032 quaerere
591 936 754 1010 laborant
771 936 829 1029 (²).
847 937 929 1010 Uno
941 937 1062 1024 verbo,
1080 939 1196 1017 omnis

80 1057 218 1130 laboris
244 1057 373 1129 divisio
397 1054 501 1129 deest
522 1053 618 1127 inter
641 1053 800 1147 corporis
816 1053 953 1149 politici
970 1060 1105 1146 partas,
1126 1051 1198 1130 nisi

81 1176 154 1250 hoc
175 1174 320 1248 nominc
344 1172 524 1266 appellare
548 1170 701 1241 velimus
728 1169 835 1255 hanc,
863 1171 907 1245 de
933 1193 1004 1269 quc
1027 1170 1197 1259 diximus.

82 1292 237 1368 alternis
252 1291 393 1363 vicibus
414 1288 639 1383 publicorum
658 1287 941 1380 magistratuum
960 1287 1197 1367 functmnenr.

80 1409 140 1480 Ea
155 1408 300 1501 quidem
320 1407 461 1500 pictura
481 1404 731 1477 Damocrctiae
752 1411 920 1479 naturam
933 1405 1063 1499 {potius
1082 1407 1200 1500 expri-

78 1527 169 1610 rnit;
197 1522 472 1598 Aristocratiam
497 1528 633 1607 autem,
659 1541 741 1595 cum
772 1521 978 1596 Secundato
999 1521 1201 1596 adulterata

78 1638 318 1713 Democrotia
329 1657 410 1711 esse
424 1636 589 1709 videatur
601 1640 696 1728 (eam
706 1635 805 1710 anim
816 1657 858 1709 eo
871 1636 990 1728 magis
1003 1637 1201 1729 perfectam

79 1778 170 1830 csse
199 1761 325 1830 censet
352 1775 422 1848 quo
446 1752 695 1840 Democratiae
724 1753 883 1844 similior)
896 1753 940 1845 (³)
966 1753 1044 1826 sine
1070 1753 1202 1829 amoma
1254 1808 1257 1814 ·

77 1873 246 1972 periculo
262 1871 428 1944 omittere
443 1870 542 1943 licet.
1198 1901 1200 1905 ·

132 1989 228 2075 Quid
240 1995 375 2074 autom,
390 1988 429 2059 in
440 1986 505 2059 tali
517 1986 706 2072 societate,
721 1986 880 2060 omnium
893 1986 1026 2060 civium
1038 1988 1202 2063 volunta·

76 2112 146 2178 tas
159 2103 408 2197 conspirantes
427 2101 571 2187 afficiat,
584 2101 688 2174 facila
705 2102 894 2194 intelligis.
906 2102 1045 2196 Nempe
1062 2105 1201 2198 patrias

71 2220 210 2312 imago
231 2218 370 2290 animos
391 2221 506 2302 tenet,
535 2217 620 2289 dum
646 2217 784 2310 singuli
805 2217 969 2312 propriae
995 2240 1083 2293 suae
1104 2220 1202 2293 utili-

71 2334 460 2419 tatisincuriosisunt,
475 2333 559 2427 quis
570 2333 658 2406 nihil
667 2335 740 2406 fere
754 2336 936 2428 proprium
949 2333 1100 2421 habent3
1112 2336 1202 2409 nihil

73 2459 147 2528 est
174 2452 289 2544 igitur
310 2451 406 2544 quod
429 2472 492 2524 eos
509 2451 548 2523 in
569 2451 767 2523 contrarias
789 2457 913 2544 partes
938 2450 1126 2524 distrahat.
1148 2451 1202 2524 Ec

72 2576 147 2645 est
160 2567 279 2640 virtus
297 2569 360 2640 illa
378 2589 469 2660 quae
491 2567 695 2640 Secundato
719 2567 951 2661 Reipublicae
973 2589 1054 2640 esse
1079 2568 1203 2640 lunda«

72 2691 254 2761 mentum
267 2685 423 2758 videtur.
442 2683 494 2756 llo
507 2683 602 2756 enim
616 2684 760 2756 nomino
773 2706 847 2756 non
860 2685 1034 2758 virtutem
1045 2686 1202 2758 ethicam

73 2801 264 2900 appellat,
284 2799 349 2876 sed
364 2800 547 2894 politicam
564 2822 655 2893 quae
673 2801 842 2873 consistit
861 2801 899 2871 in
921 2803 1058 2894 patriae
1083 2823 1202 2875 amore

78 2939 235 3013 quaque
251 2938 319 2989 nos
329 2922 525 3009 nostraque
539 2916 678 2988 civitati
702 2915 960 3010 posthabemus
971 2916 1028 3009 (⁴).
1042 2916 1202 2989 Verbum

73 3034 234 3127 quidem
250 3016 377 3107 merito
393 3033 608 3127 reprehendi
628 3040 753 3128 potest
774 3034 869 3127 quod
894 3033 1104 3126 ambiguum
1126 3040 1202 3122 set;

75 3158 253 3247 attamen
282 3150 334 3223 nil
359 3150 489 3222 mirum
517 3151 547 3222 si
578 3149 784 3222 Secundato
814 3151 853 3222 in
883 3156 1042 3224 mantem
1072 3157 1204 3245 sponte

77 3266 299 3340 occurrerit.
327 3265 456 3340 Nonne
487 3266 584 3338 enim
613 3267 786 3339 virtutem
813 3265 1034 3360 appellamus
1062 3288 1204 3339 omnem

78 3381 200 3455 animi
230 3379 394 3456 habiturn
420 3382 481 3477 qui
511 3382 658 3454 nimiam
687 3382 848 3476 privatae
878 3383 1049 3456 utilitatis
1081 3403 1208 3455 curam*

82 3497 319 3574 moderaturi
342 3497 412 3570 Hic
438 3504 559 3570 autem
584 3496 623 3571 in
650 3497 847 3593 Republica
872 3499 1078 3572 necessario
1109 3498 1212 3594 apud·

135 3686 144 3724 ¹
1168 3693 1170 3700 .

122 3689 156 3832 {¹3
172 3685 387 3821 ‹ll’fia'm‘lallldlalla
395 3767 518 3833 impolite
528 3768 610 3821 borna
618 3768 645 3821 le
655 3767 725 3822 desit
734 3768 759 3821 d’
759 3767 830 3820 avoir
841 3767 857 3822 t
867 3767 883 3820 l’
885 3768 1011 3822 attentari
1019 3782 1072 3835 qua
1080 3707 1215 3823 donanis

94 3845 120 3898 le
132 3846 279 3898 neccssaire
290 3861 358 3911 pour
367 3863 396 3898 sa
407 3849 512 3898 tamilla.
523 3865 537 3896 r>
549 3849 589 3912 (V,
601 3849 637 3912 3.)

98 3928 158 4058 ἠξῖἒ
171 3927 321 4072 fflsgra
333 3928 493 3980 aristocratia
504 3929 664 3993 approchera
676 3929 708 3980 dc
721 3929 746 3980 la
759 3929 918 3982 democratia
920 3931 999 3995 ,plus
1015 3932 1067 3984 elle
1081 3945 1138 3985 sara
1154 3946 1211 3998 par·

130 4041 189 4152 (tls
200 4044 313 4152 on’psat
324 4087 417 4141 definis
428 4092 495 4140 cette
507 4095 582 4144 vcrtu
593 4089 705 4143 I'amour
715 4091 761 4144 des
772 4091 822 4143 lois
832 4095 858 4144 at
873 4092 906 4145 de
917 4091 943 4145 la
953 4094 1043 4158 patria.
1055 4091 1102 4146 Cat
1111 4106 1215 4159 amourp

102 4165 260 4221 demandant
282 4183 333 4220 une
350 4170 503 4235 preference
520 4171 681 4238 cantianella
699 4172 733 4224 da
751 4172 864 4224 l'inttret
880 4173 967 4237 public
985 4188 1019 4226 su
1037 4173 1094 4226 dan
1110 4186 1217 4239 proprsp

102 4247 186 4386 {lloxnng
195 4252 288 4392 >tontes
310 4250 348 4301 les
366 4255 454 4302 ventus
470 4251 741 4315 pertrectaremus
756 4267 790 4305 ns
806 4259 866 4305 sont
882 4269 933 4319 que
948 4259 1016 4307 cette
1032 4255 1216 4320 protereret.»

150 4364 158 4391 ‚
188 4365 193 4378 .
