2782 4950
603 325 761 390 ..33-

174 461 280 546 Quod
299 460 344 531 ad
363 458 611 533 Monarchiam
637 459 780 546 attinet,
804 458 896 530 banc
917 459 1102 533 societatis
1127 467 1243 533 strue·

130 583 248 648 turam
261 575 357 669 apud
377 595 532 668 magnos
559 573 760 668 praesentis
781 575 943 668 Europae
964 575 1115 669 populos
1134 578 1242 648 unice

131 691 265 786 reperit
286 693 340 783 (¹).
380 689 471 762 Eam
505 690 602 762 enim
640 690 798 784 antiquis
848 691 990 785 populis
1036 693 1242 765 necessario

131 809 297 900 ignotam
319 828 400 880 esse
427 807 651 880 demonstrat
678 827 720 878 ac
746 806 900 901 primum
925 806 1133 900 apparuisse
1161 829 1243 879 cum

133 924 303 997 Germani
315 925 353 995 in
363 923 554 1018 imperium
568 944 754 996 romanum
766 923 948 995 irruerunt
960 924 1109 1016 ejusque
1122 930 1244 1018 partes

131 1041 228 1112 inter
244 1061 283 1111 se
301 1039 504 1112 diviserunt
519 1039 576 1132 (²).
596 1039 691 1110 Sane
713 1059 787 1110 non
805 1039 951 1131 ignorat
971 1038 1130 1111 Graecos
1151 1039 1245 1111 Lati-

132 1178 273 1250 nosque
296 1156 364 1228 sub
392 1156 542 1247 regibus
567 1156 629 1227 diu
652 1155 804 1240 vixisse3
828 1155 917 1227 haee
938 1162 1060 1228 autem
1079 1157 1244 1230 heroicae

133 1272 266 1346 aetatis
297 1270 509 1345 constitutio
541 1294 563 1342 a
593 1293 680 1343 vera
713 1269 943 1343 Monarchiae
978 1278 1108 1343 natura
1136 1272 1245 1364 longe

133 1388 280 1470 diversa
296 1410 375 1460 esse
396 1388 429 1459 ei
451 1387 596 1460 videtur
611 1387 665 1478 (⁸).
683 1387 846 1480 Denique
862 1387 1080 1480 Tyrannida‚
1099 1389 1142 1474 si,
1165 1408 1249 1482 quo·

134 1504 220 1576 dam
235 1526 359 1590 sensu,
376 1525 395 1576 e
413 1503 573 1597 qualibet
589 1502 748 1575 civitatis
763 1504 876 1574 forma
895 1524 959 1596 per
979 1504 1249 1599 corruptionem

134 1620 221 1692 oriri
236 1625 370 1712 potest,
388 1626 511 1693 temen
527 1618 565 1690 in
581 1619 657 1690 solo
677 1618 826 1691 Oriente
849 1620 1061 1691 naturaliter
1081 1620 1249 1692 extitisse

136 1736 344 1808 arbitratur.
377 1735 456 1807 Hoc
484 1735 594 1807 verbo
623 1735 760 1808 'l'urcos
780 1737 910 1807 Persas
936 1736 1137 1823 multasque
1160 1736 1251 1808 alias

136 1853 248 1926 Asiae
265 1860 399 1945 gentes
419 1851 591 1943 designat
612 1851 742 1944 quibus
766 1851 1061 1945 septentrionalis
1084 1851 1251 1956 Europae

136 1970 263 2065 populi
287 1968 512 2041 adsciscendi
537 1973 635 2038 sunt.
662 1967 751 2051 Quis
778 1974 898 2040 autem
920 1967 1060 2040 dubitet
1087 1969 1252 2062 antiquas

138 2085 322 2171 civitates,
355 2084 551 2156 Orientalia
581 2104 697 2175 regna
726 2090 764 2155 et
794 2084 985 2156 hodiernae
1017 2084 1252 2158 occidentalis

136 2201 304 2295 Europae
320 2200 487 2273 nationes
503 2206 579 2273 tres
596 2199 813 2272 societatum
829 2200 971 2292 species
988 2222 1089 2287 esse,‘
1101 2202 1196 2273 inter
1212 2223 1252 2273 se

138 2319 246 2412 plane
263 2317 478 2389 distinctas?

678 2646 713 2718 11

187 2900 279 2972 Vide
296 2905 458 2972 ceterum
473 2898 649 2992 quomodo
669 2918 732 2969 eas
749 2896 993 2992 descripserit.
1008 2896 1089 2968 Non
1105 2895 1193 2966 alias
1211 2894 1253 2964 ab

140 3017 223 3088 aliis
236 3015 485 3087 tantummodo
502 3013 725 3087 discriminat
735 3018 926 3108 propterea
939 3011 1034 3106 quod
1044 3033 1117 3084 non
1130 3010 1255 3084 eadem

141 3132 283 3205 ratione
300 3131 563 3225 gubernantur,
589 3130 653 3203 sed
675 3130 759 3224 quia
778 3129 934 3224 partium
953 3150 1115 3215 numero,
1139 3128 1257 3222 dispo·

141 3249 274 3321 sitione
290 3255 329 3320 et
343 3247 573 3321 cohaerentia
588 3247 769 3319 differunt.

117 3373 141 3422 ἲ
191 3362 408 3457 Respublica
435 3362 531 3434 enim
563 3362 601 3434 in
631 3361 754 3456 parvis
779 3367 922 3433 tantum
954 3359 1101 3432 urbibus
1136 3358 1259 3431 floruit

143 3500 265 3572 neque
279 3498 322 3550 se
339 3478 434 3550 ultra
446 3484 625 3570 angustos
637 3478 730 3549 fines
741 3496 901 3570 unquam
914 3475 1108 3548 extendere
1122 3473 1257 3568 potuit;

143 3593 207 3665 hic
224 3599 282 3666 est
293 3593 480 3664 civitatum
494 3593 589 3687 apud
602 3593 770 3687 antiquos
782 3593 924 3665 modus.
939 3592 1117 3684 Tyrannio
1134 3596 1260 3662 contra

147 3708 245 3801 apud
275 3708 471 3781 immensos
498 3710 653 3804 populos
688 3710 845 3782 occurrit
875 3708 937 3802 qui
963 3713 1089 3779 vastos
1121 3712 1261 3778 tractus

147 3835 344 3918 occupant,
384 3832 427 3899 ut
464 3825 633 3897 asiaticae
667 3830 813 3915 gentes.
860 3821 1069 3896 Monarchia
1108 3820 1263 3912 denique

148 3940 367 4013 mediocrem
408 3941 682 4034 amplitudinem
723 3939 833 4014 habet
874 3947 920 4026 et,
965 3935 1265 4033 quemadmodum

138 4208 140 4210 ·
193 4201 202 4236 ι

181 4203 214 4342 {³3
229 4199 313 4344 ἒξ.
322 4284 348 4331 et
358 4280 460 4333 Lettret
469 4294 608 4346 personet,
619 4279 674 4332 131.

183 4360 214 4421 (¹)
230 4360 287 4410 «Le
302 4359 364 4424 plan
381 4361 413 4410 de
427 4365 494 4411 cette
509 4359 679 4411 constitution
697 4361 736 4408 est
752 4357 849 4422 oppono
869 4357 884 4409 i
900 4355 971 4409 celui
990 4356 1022 4408 de
1038 4368 1087 4408 nos
1103 4353 1269 4408 monarchias

154 4434 512 4503 d'aujonrd'hni.r(X1,11.)
1120 4493 1137 4550 3
1205 4493 1208 4497 ,
